1693 2981
749 305 881 345 —32
910 329 960 334 ,.

214 420 339 470 ipsius
367 420 455 459 libri
485 421 645 461 Medicei
673 422 869 472 praesidio
898 426 981 472 est3
1009 424 1049 462 in
1080 423 1146 462 illo
1175 423 1289 474 enim,
1322 427 1362 462 ut
1380 423 1495 461 modo

214 490 492 541 indicavimus,
530 491 632 531 inest
659 494 798 532 amissi
809 507 901 538 am,
941 492 1045 541 quod
1082 494 1281 542 sequentis
1318 492 1497 532 vocabuli

214 562 344 600 amnis
371 560 580 609 vestigium
608 561 688 600 iam
716 561 897 601 continet.

343 630 399 677 ΙΙ)
429 629 477 667 de
505 631 709 669 vocabulis
737 632 846 670 laevo
874 645 939 670 ore
966 637 1233 683 erratumque.-
1264 631 1495 670 vocabulum

215 711 366 736 amnem
394 697 521 736 deleto
551 699 739 737 vocabulo
769 714 833 738 ore
859 699 959 739 falso
989 699 1063 738 huc
1099 712 1150 739 ex·
1183 699 1234 740 iis
1269 712 1370 749 quae
1407 700 1493 739 sub-

154 806 156 809 ,
215 771 426 816 sequuntur
454 771 493 806 et
521 767 569 805 de
597 767 738 817 quibus
775 768 878 808 infra
909 768 1059 808 dicetur
1094 769 1371 820 transpositum
1409 780 1496 808 esse

216 840 368 886 statuo;
395 836 578 875 facillime
608 841 737 877 autem
764 837 909 877 factum
939 843 1008 889 est,
1038 843 1080 877 ut
1107 838 1337 878 vocabulum
1366 854 1430 878 ore
1448 838 1496 877 iis

216 905 380 955 duobus,
407 906 508 945 inter
527 918 627 955 quae
645 907 914 957 interpositum
934 912 1004 957 est,
1034 908 1495 947 vocabulisrexhaustum

146 973 150 977 ’
217 974 284 1025 sit,
323 975 466 1026 quippe
503 987 662 1025 quorum
698 975 805 1015 aliud
843 976 884 1014 in
912 977 1087 1016 ‘litteram
1123 992 1144 1017 o
1180 977 1351 1027 desinat,
1390 977 1496 1015 aliud

216 1044 354 1082 litteris
383 1059 426 1083 er
452 1044 604 1082 initium
634 1045 772 1094 capiat.
803 1045 1042 1083 Vocabulum
1072 1060 1113 1084 os
1141 1046 1190 1083 de
1218 1045 1324 1084 amni
1352 1045 1497 1084 dictum

216 1113 323 1152 velut
350 1113 412 1152 bis
439 1113 538 1152 locis
566 1114 670 1164 apud
700 1114 880 1153 Tacitum
907 1114 1122 1154 invenitur:
1158 1115 1257 1153 Ann.
1287 1116 1317 1164 Ι,
1353 1115 1416 1164 79,
1450 1116 1493 1152 11

218 1189 370 1232 optume
397 1183 512 1221 rebus
540 1184 765 1221 mortalium
794 1184 1030 1222 consuluisse
1058 1190 1258 1232 naturam,
1294 1197 1391 1235 quae
1424 1198 1497 1222 sua

220 1266 290 1291 ora
322 1252 576 1304 fluminibus,
619 1266 709 1292 suos
752 1267 886 1292 cursus
921 1259 1034 1304 utque
1069 1254 1277 1304 oriqiuem,
1311 1254 1370 1292 ita
1396 1253 1498 1304 fines

218 1322 388 1370 dederit,
427 1321 527 1359 Ann.
563 1321 618 1370 II,
653 1321 698 1371 ὃ,
740 1321 788 1359 15
829 1335 905 1372 per
935 1336 1009 1360 ora
1043 1328 1078 1359 et
1119 1322 1248 1361 alveos
1270 1322 1496 1373 fluminum,

217 1390 317 1429 Anu.
353 1390 409 1440 II,
447 1390 515 1440 60,
555 1391 580 1429 6
614 1392 842 1445 prowimum
875 1392 1005 1430 amnis
1039 1405 1079 1430 os
1115 1392 1288 1430 dicatum
1322 1391 1496 1430 Herculi.

220 1460 279 1497 De
308 1459 402 1497 vitio
431 1459 576 1497 codicis
613 1459 685 1497 has
723 1452 935 1509 script'uras
972 1459 1060 1497 libri
1098 1459 1261 1498 Medicei
1298 1471 1496 1509 compara-

218 1528 360 1567 verim:
389 1529 489 1567 Ann.
519 1529 549 1573 I,
581 1529 649 1578 19,
686 1529 710 1567 2
748 1531 903 1580 eiusque
946 1528 1063 1567 habet
1105 1528 1227 1578 Med.‚
1265 1531 1347 1568 eius
1382 1543 1498 1581 usque

219 1597 525 1637 emendaverunt
552 1598 841 1646 Bezzenberger
871 1602 909 1636 et
931 1597 1221 1647 Weissenborn,
1253 1598 1349 1636 Ann.
1365 1597 1498 1647 V1,25

220 1667 286 1717 (al.
307 1667 384 1717 19),
407 1667 431 1705 3
460 1669 721 1718 aurariasque
749 1666 866 1705 habet
881 1666 995 1716 Med„
1024 1668 1213 1706 auraria-3
1233 1669 1498 1718 argentarias-

220 1750 290 1788 que
319 1748 391 1774 em.
422 1735 713 1774 Weissenborn.

301 1841 305 1849 ,
347 1806 423 1853 ΙΙΙ)
453 1805 502 1844 de
524 1804 726 1843 vocabulis
747 1804 926 1844 subveoeit
940 1811 1120 1856 transque
1134 1819 1285 1843 amnem
1299 1808 1500 1857 eoeposuit:

223 1876 472 1918 Subvehendi
498 1874 618 1914 verbo
647 1885 741 1912 usus
769 1877 829 1912 est
857 1872 1015 1912 Tacitus
1044 1877 1197 1923 praeter
1225 1885 1312 1912 eum
1347 1874 1395 1913 de
1424 1886 1498 1923 quo

220 1944 372 1993 agimus
400 1944 524 1982 locum
554 1944 672 1982 etiam
700 1943 800 1981 Ann.
830 1942 940 1991 XIII,
968 1942 1033 1992 53,
1062 1943 1086 1981 9
1118 1944 1309 1982 Rhodano
1323 1950 1358 1981 et
1372 1943 1500 1981 Arare.

220 2015 431 2062 subvectae,
462 2013 508 2051 cf.
538 2014 638 2050 Ann.
668 2012 753 2061 XV,
781 2012 845 2061 43,
879 2012 923 2048 11
963 2025 1096 2060 naves,
1132 2026 1229 2063 quae
1252 2013 1500 2064 frumentum

225 2084 362 2122 Tiberi
389 2083 720 2122 subvectaviesent.
775 2081 1078 2131 Transponeudi
1105 2084 1234 2119 autem
1263 2080 1423 2119 verbum
1452 2093 1500 2119 ea

221 2162 321 2200 quae
349 2151 423 2189 hoc
450 2151 535 2189 loco
558 2149 797 2200 probabatur
825 2148 1020 2188 sententia
1047 2148 1192 2186 dictum
1221 2161 1363 2203 novum
1384 2152 1499 2197 atque

220 2221 437 2260 inauditum
467 2224 546 2269 est3
575 2219 614 2258 id
638 2219 672 2258 si
692 2218 821 2257 dicere
839 2218 984 2266 volunt,
1014 2217 1142 2256 verbis
1164 2218 1379 2268 traducere,
1405 2220 1499 2256 trai-

223 2306 315 2341 cere,
347 2292 570 2339 tramittere,
602 2278 870 2340 transportare
899 2291 966 2326 aut
1001 2286 1115 2326 simili
1151 2287 1358 2337 scriptores
1391 2291 1497 2326 ntun-

221 2365 292 2410 tur,
322 2372 510 2408 nusquam
540 2358 659 2397 verbo
687 2365 948 2408 transponere.
997 2357 1265 2407 Transponere
1289 2355 1389 2394 enim
1415 2368 1499 2406 pro—

222 2429 304 2480 prie
334 2432 393 2468 est
427 2427 572 2476 aliquid
607 2426 682 2465 alio
719 2426 758 2464 in
797 2426 881 2463 loco
918 2437 1063 2475 ponere
1100 2428 1216 2472 atque
1255 2424 1319 2473 qui
1354 2424 1410 2463 rei
1445 2424 1500 2463 illi

222 2501 290 2536 aut
316 2496 477 2536 debetur
506 2500 572 2534 aut
601 2494 786 2533 sollennis
820 2498 898 2532 est:
932 2493 1061 2541 itaque
1091 2492 1138 2531 de
1168 2493 1311 2542 plantis
1346 2493 1499 2542 potissi-

170 2571 178 2576 ’
223 2578 325 2604 mum
354 2565 456 2604 dicto
486 2564 522 2603 ei
550 2567 724 2602 nostrum
752 2569 947 2602 amsetzen
976 2560 1205 2611 respondet,
1244 2561 1292 2601 de
1329 2561 1500 2601 exercitu
