1693 2981
714 306 927 344 -15-

179 424 398 472 Wagnerus
422 423 707 462 commendavit
721 424 947 462 restituendi
960 424 1074 463 huius
1088 424 1163 462 loci
1177 424 1279 463 viam
1293 425 1321 473 ¹)
1352 424 1455 474 (eam

178 493 344 542 scilicet,
383 496 424 531 ut
461 491 639 532 omnibus
669 493 752 532 sine
780 493 860 531 ulla
896 493 1107 532 mutatione
1144 493 1329 533 rententis
1366 499 1456 544 post

170 564 495 614 praetenderetur
541 563 770 601 vocabulum
816 562 913 601 haec
959 562 1039 601 fere
1085 563 1280 602 excidisse
1326 563 1455 601 existi-

117 632 119 636 ‘
177 631 345 670 maveris
377 633 553 671 Othonem
583 634 724 671 hostem
752 633 956 683 excipiunt
983 632 1045 670 vel
1079 639 1279 683 exspectant
1316 632 1377 670 vel
1405 632 1453 670 si-

177 700 299 750 milia)
330 701 433 739 acuti
462 701 591 751 potius
619 700 766 749 ingenii
796 700 1065 739 documentum
1082 700 1199 750 dedit,
1228 701 1312 750 ipse
1327 701 1454 739 minus

176 769 301 807 lenem
332 781 417 807 eam
447 780 533 807 esse
562 768 777 807 confessus.

305 839 409 877 Usus
448 843 507 877 est
543 838 616 877 hoc
653 838 736 876 loco
767 839 925 877 Tacitus
961 838 1116 877 dicendi
1150 839 1319 889 ratione,
1356 851 1454 887 quae

179 919 263 945 cum
303 908 406 957 apud
445 907 542 946 alios
580 908 671 946 inde
708 909 758 946 ab
795 908 959 957 Augusti
998 908 1176 946 Caesaris
1213 908 1454 958 potissimum

177 981 304 1015 aetate
332 981 468 1027 poetas
496 981 576 1015 tum
606 977 710 1027 apud
738 977 941 1026 Virgilium
956 977 1158 1027 invenitur,
1189 977 1296 1016 cuius
1316 982 1455 1027 poetae

177 1046 352 1085 Tacitum
382 1046 589 1103 admodum
619 1059 780 1096 gnarum
808 1046 928 1085 fuisse
969 1047 1113 1086 crebris
1151 1047 1189 1085 in
1229 1047 1311 1086 eius
1345 1046 1455 1086 libris

177 1116 353 1165 vestigiis
382 1116 533 1155 ostendi
560 1116 660 1155 inter
687 1117 872 1166 perit0s2)
909 1120 1078 1166 constat3
1114 1131 1180 1155 nec
1214 1132 1322 1156 mora
1361 1116 1455 1154 illud

177 1185 275 1223 dico.
333 1185 444 1231 Quod
486 1185 590 1235 apud
632 1185 760 1235 ipsum
797 1185 1008 1235 Vergilium
1041 1185 1097 1224 ita
1131 1186 1348 1224 adhibitum
1384 1189 1455 1235 est,

176 1258 218 1293 ut
246 1254 421 1292 adverbii
448 1255 533 1292 1000
570 1255 736 1304 positum
771 1255 939 1304 dicatur,
979 1255 1085 1293 nulla
1119 1255 1311 1304 particula
1342 1255 1456 1293 intel·-

175 1323 324 1374 posita:
354 1323 449 1362 Aen.
479 1324 524 1373 V,
557 1324 631 1362 139
661 1336 716 1372 sq.
760 1325 869 1374 Inde,
906 1325 975 1362 ubi
1013 1325 1124 1362 clara
1154 1325 1263 1362 dedit
1290 1326 1457 1363 sonitum

178 1394 282 1442 tuba,
303 1393 457 1443 finibus
487 1407 612 1432 omnes
636 1394 759 1431 Haud
782 1408 890 1432 mora
908 1394 1131 1444 prosiluere
1153 1388 1249 1443 suis,
1279 1392 1326 1432 cf.
1343 1393 1456 1432 Ovid.

176 1462 266 1500 Met.
297 1463 326 1512 I,
357 1463 431 1500 717
471 1463 552 1501 Nec
590 1477 698 1502 mora
722 1463 881 1514 falcato
918 1469 1111 1501 nutantem
1146 1464 1322 1502 vulnerat
1359 1477 1455 1512 ense,

176 1532 290 1581 Prop.
319 1531 364 1581 V,
403 1532 439 1581 4,
477 1531 528 1570 84
561 1532 641 1570 Nec
680 1546 789 1571 mora
824 1533 973 1572 vocales
1013 1539 1177 1584 occupat
1210 1546 1296 1571 ense
1332 1546 1456 1571 canes.

177 1600 323 1639 Eodem
352 1613 424 1639 usu
453 1601 611 1639 Tacitus
640 1602 738 1640 Anu.
768 1602 873 1651 XIV,
903 1602 966 1650 57,
1006 1602 1053 1639 18
1083 1616 1151 1640 ricc
1185 1602 1290 1640 ultra
1326 1617 1457 1641 mora:

177 1670 291 1708 Sulla
320 1677 426 1709 seoeto
456 1672 520 1708 die
549 1673 743 1721 pervectis
777 1672 1006 1710 Massiliam
1034 1671 1331 1721 percussoribus
1369 1677 1456 1708 ante

176 1745 315 1776 metum
343 1745 377 1777 et
404 1752 596 1778 rumorem
622 1740 866 1789 interficitur,
897 1754 985 1778 cum
1012 1740 1205 1790 epulandi
1240 1754 1359 1778 causa
1396 1740 1455 1777 di—

175 1809 394 1846 scumberet.
449 1807 546 1846 Aliis
575 1812 613 1846 et
639 1808 813 1858 plurimis
842 1808 937 1847 loeis
966 1821 1052 1847 eam
1068 1820 1167 1857 quae
1183 1809 1355 1857 sequitur
1370 1821 1455 1847 sen-

176 1876 337 1915 tentiam
367 1876 697 1915 coniunctionibus
727 1879 821 1929 quin
849 1877 910 1916 vel
925 1879 1130 1929 quominus
1146 1889 1239 1915 usus
1255 1889 1340 1916 cum
1355 1877 1455 1928 prio-

176 1946 283 1984 ribus
312 1960 378 1984 nee
407 1961 516 1985 mora
544 1946 703 1985 Tacitus
731 1946 939 1996 coniunxit,
956 1958 992 1984 V.
1023 1946 1119 1984 Hist.
1148 1947 1318 1997 11,31,9
1347 1948 1457 1985 nulla

177 2015 282 2068 ultra
305 2029 426 2066 penes
463 2015 690 2055 Vitellianos
719 2030 840 2065 mora,
871 2016 965 2067 quin
993 2017 1081 2055 totis
1096 2016 1249 2055 viribus
1269 2022 1458 2055 certarent

125 2113 127 2115 v
178 2088 217 2122 et
243 2084 323 2122 ibd.
352 2086 383 2134 I,
412 2085 475 2134 59,
508 2086 555 2122 12
586 2099 651 2123 nec
678 2087 722 2123 in
749 2087 927 2124 Raeticis
943 2087 1067 2136 copiis
1083 2100 1204 2134 mora,
1235 2100 1307 2137 quo
1330 2088 1458 2125 minus

177 2155 309 2192 statim
337 2154 667 2205 adiungerentur:
694 2168 741 2192 ue
755 2155 798 2192 in
821 2155 1037 2193 Britannia
1052 2155 1209 2206 quidem
1225 2155 1456 2193 dubitatum.

177 2224 228 2261 At
255 2223 342 2261 illas
371 2223 526 2261 dicendi
553 2223 722 2262 rationes
749 2236 827 2261 non
857 2224 939 2262 sine
955 2236 1098 2272 magna
1112 2225 1328 2273 verborum,
1357 2236 1457 2271 quae

176 2291 216 2329 in
245 2291 376 2329 codice
405 2291 549 2341 scripta
578 2296 677 2342 sunt,
707 2292 1005 2331 commutatione
1033 2292 1072 2330 in
1102 2293 1226 2331 locum
1264 2292 1370 2330 illum
1407 2292 1456 2331 de

178 2373 253 2408 quo
274 2361 425 2409 agimus
445 2360 587 2399 inferre
605 2361 789 2410 potueris.
830 2362 966 2409 Itaque
988 2362 1060 2413 hoc
1076 2362 1205 2411 potius
1219 2361 1334 2399 modo
1349 2362 1456 2399 locus

176 2429 241 2467 ille
269 2428 421 2467 videtur
449 2428 710 2468 restituendus
739 2440 849 2468 esse:
964 2420 965 2423 ¹

309 2527 320 2545 1

308 2525 334 2620 ΕΞ
357 2525 851 2612 lv,{abisii‘lbsiimmentationem
873 2589 906 2620 p.
929 2580 1005 2613 V11.
1028 2590 1061 2621 p.
1085 2580 1128 2612 LI
1153 2580 1228 2612 adn.
1250 2580 1325 2611 319.
