1693 2981
639 250 881 312 ‘—21-

136 390 328 431 sententia
354 378 553 429 inferatur.
609 390 734 429 Locos
768 389 886 439 igitur
914 389 1215 439 transpositione
1243 389 1409 427 voeabu-

135 459 258 502 lorum
284 458 539 500 emendantes
567 458 790 509 pletumque
824 458 941 499 etiam
977 458 1057 498 alia
1092 458 1253 508 insuper
1284 469 1410 496 emen-

102 554 105 555 ν
135 526 256 568 dandi
285 527 434 568 ratione
471 527 526 566 uti
559 527 685 567 eoacti
721 539 857 567 sumus
893 527 977 566 sive
998 526 1272 578 interpositis,
1310 538 1411 574 quae

134 607 211 635 non
226 627 227 630 η
240 595 420 646 leguntur
447 596 486 634 in
514 596 624 636 libris
651 596 818 646 seriptis,
846 596 1077 645 quibusdam
1106 596 1191 634 sive
1211 595 1409 648 paululum

134 664 191 704 eis
217 677 319 715 quae
347 665 490 706 tradita
522 669 614 705 sunt
648 665 816 705 mutatis.
873 665 1028 704 Certum
1063 676 1193 704 eorum
1231 668 1332 714 quae
1367 664 1407 703 in

134 734 262 773 Taciti
309 733 513 774 codicibus
547 734 795 773 inveniuntur
836 734 1017 772 vitiorum
1060 745 1184 782 genus
1225 733 1408 772 statuisse

134 800 455 852 transpositiones
470 802 742 842 Doederlinius
769 802 928 842 meritus
956 807 1027 851 est,
1055 802 1124 850 qui
1150 802 1252 841 idem
1280 814 1407 841 exem-

133 869 210 920 plis
237 870 428 920 probavit,
456 870 592 920 quanti
617 870 709 909 illae
725 870 779 908 ad
796 870 1081 909 emendandum
1103 870 1278 909 Tacitum
1300 882 1407 920 prae-

132 938 224 979 sidii
251 939 331 980 sint
340 940 382 990 ¹).
438 940 600 989 itaquae
634 939 793 989 reliquis
825 939 1167 990 transpositionum
1196 939 1406 989 generibus

133 1007 288 1047 omissis
329 1008 433 1058 eius,
475 1008 578 1058 quod
621 1008 832 1047 seeundum
872 1009 1201 1058 enumeravimus,
1252 1008 1406 1057 generis

132 1076 311 1127 exempla
336 1076 411 1117 tria
434 1076 687 1128 proferemus,

258 1146 352 1185 Loci
377 1146 445 1195 qui
473 1147 740 1186 traotabuntur
771 1147 903 1185 insunt
940 1147 978 1185 in
1014 1149 1112 1184 Anu.
1149 1147 1172 1185 l.
1208 1148 1264 1195 ΙΙ,
1301 1159 1333 1185 c.
1368 1148 1405 1196 9,

130 1214 154 1253 l.
182 1214 249 1265 IV,
279 1227 310 1254 o.
343 1215 536 1266 11,1Dial.
565 1228 597 1255 e.
628 1216 663 1255 1.

555 1310 681 1353 Anu.
706 1307 751 1353 1.'
767 1310 831 1353 11.
847 1321 901 1367 .⁰·
928 1311 978 1353 9.

256 1385 316 1423 De
332 1384 503 1423 Arminio
524 1384 682 1434 eiusque
701 1384 819 1423 fratre
833 1385 968 1423 Flavio
985 1385 1058 1423 hoc
1073 1385 1188 1428 modo
1205 1389 1404 1423 narratur:

309 1455 473 1510 flumen,
502 1454 683 1506 Visuryis
719 1455 916 1494 Romanos
963 1454 1247 1506 Cheruscosque
1290 1455 1403 1493 inter-

302 1523 471 1573 fluebat.
544 1524 627 1561 eius
663 1524 707 1560 in
739 1525 835 1574 ripa
870 1537 956 1561 cum
993 1521 1127 1562 deteris
1155 1523 1404 1574 primoribus

319 1591 525 1632 Arminius
539 1593 705 1641 adstitit,
726 1593 970 1644 quaesitoque
994 1606 1047 1630 an
1065 1591 1213 1632 Caesar
1226 1593 1400 1643 venisset,

313 1667 519 1712 postquam
547 1662 681 1700 adesse
708 1662 934 1712 responsum
962 1667 1036 1710 est,
1075 1668 1118 1699 ut
1151 1662 1282 1701 liceret
1316 1676 1402 1700 cum

309 1730 445 1781 fratre
474 1731 651 1785 conloqui
679 1732 815 1769 oravit.
872 1736 956 1769 erat
984 1732 1018 1770 is
1045 1732 1090 1769 in
1117 1733 1287 1769 eoeercitu
1316 1745 1400 1782 coq-

318 1805 487 1837 nomento
529 1798 697 1848 Flavus,
742 1800 913 1850 insiynis
944 1800 1031 1849 fide
1072 1805 1107 1837 et
1146 1801 1290 1838 amisso
1325 1814 1402 1850 per

319 1867 458 1906 vulnus
486 1868 594 1907 oculo
616 1869 763 1920 paucis
791 1873 878 1906 ante
906 1869 1023 1907 annis
1053 1869 1149 1907 duce
1182 1868 1350 1908 Tiberio.

256 1936 313 1973 Ea
340 1936 461 1973 verba
486 1936 583 1974 haec
611 1936 896 1985 subsequuntur
922 1937 962 1974 in
991 1937 1089 1975 libro
1117 1937 1308 1976 Medioeo:

317 2011 415 2043 tum
438 2007 698 2058 permissu
722 2020 1124 2059 progressusque
1151 2008 1404 2047 salutatur

318 2074 376 2113 ab
406 2074 640 2114 Arminio

253 2144 349 2181 Eum
379 2143 503 2182 locum
532 2143 588 2183 sio
615 2143 799 2184 emendo:
1188 2177 1191 2179 -

317 2215 368 2254 ot
403 2216 678 2264 permissum:
713 2227 1018 2265 proqressusque
1059 2217 1166 2255 tum
1205 2216 1401 2253 salutatur

315 2276 366 2320 ab
395 2280 588 2321 Arminio.
663 2271 672 2282 ’

256 2376 281 2418 ¹)
303 2377 445 2417 primum
467 2377 500 2408 in
522 2376 607 2408 libro
631 2377 823 2411 academico
853 2378 1020 2419 Erlangae
1050 2389 1079 2410 a.
1110 2379 1194 2410 1838
1222 2379 1314 2411 edito
1348 2381 1401 2412 De

129 2430 249 2462 Tacito
270 2430 550 2472 transpositione
572 2430 758 2463 verborum
780 2431 1008 2471 emendando,
1032 2434 1103 2464 tum
1125 2431 1159 2463 in
1190 2433 1400 2476 Zeitschrift

121 2485 187 2523 fur
208 2483 266 2516 die
287 2484 734 2527 alberthumswissensdtaf!
758 2484 841 2517 1840
862 2494 895 2527 p.
917 2485 981 2519 333
1005 2494 1056 2527 sq.
1080 2494 1113 2526 p.
1135 2485 1199 2518 337
1223 2495 1298 2527 sqq.
1351 2486 1399 2519 At

123 2535 201 2569 vide
225 2536 345 2569 Her-aei
369 2535 490 2570 Studd.
513 2538 527 2569 1
550 2547 582 2578 p.
607 2537 646 2570 13
668 2546 720 2580 sq.
1378 2561 1383 2567 .
