1693 2981
786 318 836 322 .-
867 295 999 333 28-

252 412 295 451 Si
324 412 386 450 cui
415 416 546 451 tamen
576 412 673 450 haec
702 423 777 450 non
811 411 889 450 iam
907 452 912 455 ,
927 412 1164 462 suffecerint,
1201 412 1339 462 paucis
1376 412 1534 451 mutatis

251 483 329 521 vel
357 480 738 531 &vanissimam
769 482 852 520 scd
880 482 1080 520 easdem
1108 482 1416 533 probabiles
1445 481 1534 521 scri-

251 551 383 602 pserit,
411 563 511 599 quae
540 539 941 601 superlativiffgradus
965 549 1093 589 forma
1111 551 1216 600 apud
1237 551 1414 599 Tacitum
1431 551 1536 589 velut

251 621 354 659 Dial.
396 620 466 669 34,
507 620 557 658 16
600 620 792 659 habebant
832 609 977 671 ipsine
997 620 1140 671 populi
1176 621 1536 660 diversissimarum

252 691 412 729 aurium
433 691 591 741 copiam
613 693 651 728 et
664 690 756 738 Agr.
772 689 836 739 32,
851 689 878 727 4
899 703 1009 741 quem
1031 689 1278 740 (exereitum)
1300 697 1536 729 contractam

253 774 301 798 ex
330 760 614 797 diversissimis
641 759 819 809 gentibus
847 764 889 795 ut
915 759 1109 796 secundae
1135 772 1196 798 ‘res
1223 765 1357 808 tenent,
1387 761 1444 797 ita
1466 761 1536 797 ad·

253 841 385 867 versae
423 827 643 866 dissolvent.
699 826 984 865 Vocabulorum
1019 828 1089 866 sed
1125 828 1279 866 eaedem
1310 828 1536 879 probabiles

253 897 416 936 alterum
445 896 518 934 hoc
546 886 701 935 easdem
730 908 778 934 ea
806 895 999 934 sententia
1026 895 1170 934 dictum
1198 900 1268 946 est,
1297 908 1411 945 quam
1429 896 1535 935 Mad-

201 957 203 959 ·
253 965 383 1016 vigius
410 965 451 1003 in
480 965 546 1004 Gr.
575 965 619 1003 L.
649 967 673 1013 ξ
702 964 820 1015 488¹)
849 964 1057 1008 indicavit:
1087 966 1199 1015 auch,
1229 966 1421 1017 zuqlcich..
1459 966 1535 1004 Ita-

255 1046 329 1083 que
357 1035 484 1080 locum
511 1034 618 1071 illum
648 1033 704 1072 sic
731 1033 1006 1083 interpretatus
1035 1033 1125 1071 sim:
1194 1045 1197 1048 ⁴

447 1101 604 1154 {itidem
633 1101 697 1141 die
726 1101 925 1141 einzelnen
955 1113 1110 1151 sogar
1146 1101 1403 1151 geradezu
1441 1107 1535 1142 ent-

448 1175 873 1221 gegengesetzte,
903 1171 997 1210 aber
1025 1171 1123 1210 doch
1153 1172 1282 1221 (wenn
1311 1172 1410 1211 auch
1436 1184 1535 1221 ganz

448 1241 835 1290 entgegengesetzte,
872 1251 915 1279 so
943 1239 1062 1284 doch)
1091 1240 1323 1290 zugleich
1352 1241 1534 1281 annehm-

450 1310 542 1349 bare
571 1309 721 1358 grunde
748 1309 1043 1348 vorbrachten.“
1265 1302 1274 1310 '
1465 1307 1467 1310 ⁴

382 1497 604 1534 Lacunae
641 1495 733 1546 quin
766 1495 806 1534 in
842 1495 971 1535 Taciti
1006 1496 1114 1535 libris
1143 1496 1273 1535 inesse
1302 1497 1534 1538 statuendae

254 1566 333 1604 sint
373 1577 497 1614 neque
540 1564 709 1615 priorum
743 1577 869 1614 neque
903 1565 1159 1604 recentiorum
1195 1566 1384 1615 editorum
1422 1579 1535 1606 nemo

255 1633 459 1683 dubitavit,
490 1633 560 1672 sed
588 1632 704 1671 nimis
733 1633 851 1683 spatii
878 1633 918 1672 in
936 1634 1186 1673 recensendis
1207 1634 1332 1673 Taciti
1354 1635 1536 1685 operibus

254 1702 390 1742 tribuit
418 1702 475 1742 eis
505 1702 693 1753 Ritterus,
732 1702 797 1752 qui
825 1702 864 1741 in
893 1703 1110 1742 novissima.
1137 1715 1253 1753 quam
1283 1704 1432 1743 curavit
1460 1704 1537 1743 edi-

256 1772 361 1810 tione
400 1772 452 1821 (a.
492 1771 611 1821 1864)
647 1772 809 1810 lacunas
843 1771 972 1810 inesse
1005 1772 1128 1810 voluit
1161 1772 1200 1816 in
1237 1773 1418 1811 Historiis
1449 1774 1537 1822 161,

256 1841 297 1879 in
325 1839 542 1879 Annalibus
571 1840 667 1891 211,
705 1840 744 1878 in
774 1839 958 1889 Agricola
985 1841 1054 1891 26,
1091 1840 1131 1879 in
1161 1840 1370 1881 Germania
1402 1842 1469 1892 12,
1497 1841 1538 1880 in

255 1910 424 1959 Dialogo
461 1909 628 1959 denique
664 1910 774 1961 242),
813 1922 975 1959 quorum
1010 1922 1256 1949 numerorum
1291 1923 1443 1950 summa
1480 1917 1539 1951 cst

255 1979 353 2028 4343
383 1991 482 2028 quae
511 1979 545 2017 si
568 1983 770 2028 statuatur,
802 1978 965 2031 „ingens
994 1990 1110 2028 seges
1139 1979 1357 2029 glossarum
1368 1980 1424 2032 ³)“
1454 1993 1537 2031 pro-

256 2047 358 2087 fecto
394 2048 435 2086 in
471 2048 598 2087 Taciti
632 2048 751 2087 libros
779 2048 934 2087 invecta
961 2060 1049 2087 esse
1077 2060 1169 2087 vere
1197 2048 1357 2088 dicatur.
1415 2050 1538 2098 Argu-

256 2120 386 2155 mento
429 2120 557 2154 autem
600 2116 768 2155 Ritterus
811 2116 929 2154 utitur
970 2116 1044 2155 hoc
1054 2117 1085 2167 4)
1129 2114 1391 2167 ῄὸίῑίεείωιιω,
1435 2118 1537 2167 quod

257 2185 409 2224 scribae
458 2184 624 2235 librarii,
674 2196 759 2223 cum
810 2184 975 2235 primam
1016 2185 1186 2224 litteram
1227 2186 1334 2224 vocis
1376 2186 1539 2225 alicuius

258 2253 502 2304 scripserint,
539 2253 590 2291 ad
628 2253 792 2292 eandem
827 2252 994 2292 litteram
1027 2254 1226 2304 sequentis
1263 2255 1442 2294 vocabuli
1477 2256 1539 2295 vel

391 2396 414 2437 ¹)
437 2399 516 2428 utor
540 2395 741 2428 Germanica
763 2396 911 2428 editione
939 2396 1040 2429 tertia
1062 2406 1092 2429 a.
1119 2397 1209 2429 1857.

389 2449 415 2489 2)
438 2459 470 2481 v.
494 2448 599 2489 praef.
622 2459 655 2490 p.
679 2449 828 2481 XXXIII
851 2450 926 2482 adn.
952 2451 981 2482 1.

390 2501 416 2542 ³)
439 2501 544 2534 verba
567 2504 647 2534 sunt
667 2502 807 2543 Ritteri3
831 2512 862 2534 v.
885 2502 994 2543 praef.
1017 2513 1050 2544 p.
1073 2503 1205 2544 XXXV
1228 2507 1313 2536 extr.

389 2554 417 2597 ⁴¹)
439 2565 470 2587 v.
494 2554 601 2595 praef.
624 2564 657 2596 p.
680 2554 996 2590 XXXII—XXXV.
