1693 2981
749 289 1026 359 -xss-¹

214 414 365 453 videtur
403 415 557 464 quidem
595 416 691 455 illud
727 418 808 455 luci
836 431 883 455 ac
910 431 1067 457 nemora
1106 419 1160 467 (et
1188 426 1287 466 quae
1315 417 1491 455 similiter

213 482 317 522 dieta
343 483 607 535 inveniuntur)
636 497 661 523 a
688 489 805 536 poeta
831 485 999 534 quodam
1027 486 1192 536 primum
1221 490 1343 525 ortum
1369 485 1489 525 inso-

213 552 431 591 eietatibue
454 553 705 592 litteratorum
740 554 811 593 illa
829 557 974 594 >aetate
1011 554 1222 593 huminum⁴¹¹
1246 554 1371 594 facete
1399 554 1490 594 dieti

213 621 296 660 loeo
331 621 572 671 divulgatum
615 623 708 662 inde
750 623 861 673 quasi
902 623 943 662 in
984 623 1232 675 proverbium
1267 623 1490 663 dicentibus

213 691 548 741 scribentibusque
596 693 761 731 oessisse
791 693 851 731 ,fit
895 693 988 732 item
1030 697 1247 732 nostrorum
1290 697 1489 744 poetarum

213 760 442 811 optimorum
478 761 694 801 sententiae
726 762 836 805 haud
864 756 1024 813 paucae.
1080 762 1216 801 Iudico
1244 766 1398 813 praeter
1423 762 1492 802 ina

212 830 540 880 praepositionem
570 833 612 869 in
638 831 841 882 repetitam
873 833 923 870 in
950 845 1106 878 nemon
1135 838 1169 870 et
1204 833 1327 882 lucos,
1366 833 1410 871 id
1437 838 1492 872 eet

211 898 265 940 in
291 899 554 950 colitudinem,
583 912 660 949 qua
688 900 854 951 repetita
880 901 1085 952 perspicue
1113 905 1277 952 apparet
1301 901 1491 940 voeabula

212 968 296 1007 illa·
321 968 491 1018 primum
529 969 567 1007 in
612 969 785 1018 margine
826 970 961 1009 addita
1001 982 1026 1009 a
1067 970 1295 1021 rescriptore
1334 970 1487 1009 demum

215 1038 382 1086 quodam
411 1038 452 1077 in
480 1039 608 1090 ipsum
636 1039 839 1078 verborum
870 1043 1090 1079 contextum
1127 1039 1355 1090 interposita
1391 1038 1488 1079 esse.

214 1107 316 1146 Vera
343 1107 463 1156 igitur
490 1108 563 1147 loci
589 1108 716 1147 forma
740 1109 840 1158 haee
868 1108 1075 1148 statuenda
1103 1112 1181 1147 est:

405 1179 520 1216 adice
548 1179 652 1230 quod
674 1180 814 1230 poetis,
842 1180 880 1218 ci
907 1180 1021 1218 modo
1050 1180 1215 1231 eliq‘nwm
1243 1178 1399 1231 aliquid
1416 1180 1490 1217 ela-

409 1248 545 1286 borare
570 1246 605 1286 et
632 1248 775 1300 efficere
803 1248 941 1298 velint,
970 1246 1226 1300 relinquenda
1255 1250 1491 1287 conversatio

404 1318 619 1356 amicorum
646 1324 682 1356 et
711 1317 937 1357 iucunditas
963 1318 1096 1367 urbia,
1127 1319 1346 1357 deserenda¹
1368 1324 1491 1357 cetera

406 1387 532 1439 officia
561 1394 625 1436 et,
662 1394 713 1426 ut
749 1389 857 1439 ipsi
886 1389 1085 1437 dicunt,
1126 1389 1177 1426 in
1211 1401 1412 1426 nemora
1448 1393 1491 1425 et

407 1456 546 1495 lucos
574 1457 906 1499 secedendum
933 1462 1015 1495 eet.

343 1594 680 1644 Distingu'ere
735 1595 851 1634 certis
901 1595 1132 1645 quibusdam
1184 1595 1286 1633 notis
1336 1599 1490 1645 praeter

214 1667 408 1714 punctum,
437 1663 539 1714 quod
571 1664 720 1715 dicitur,
750 1664 870 1703 verba
898 1664 1123 1716 scriptorum
1154 1664 1335 1702 librorum
1365 1674 1489 1713 neque

214 1739 366 1773 veteres
394 1746 518 1784 neque
547 1735 664 1774 medii
692 1735 780 1774 aevi
805 1735 952 1774 librarii
971 1734 1011 1773 in
1032 1746 1138 1774 more
1158 1734 1365 1773 habebant.
1406 1733 1489 1780 Quo

213 1803 355 1842 factum
386 1808 455 1853 est,
493 1810 546 1853 ut,
577 1815 663 1842 eum
693 1805 848 1843 saeculo
876 1817 913 1854 p.
944 1804 1013 1843 Ch.
1045 1817 1081 1842 n.
1111 1804 1245 1852 quinto
1275 1803 1423 1841 decimo
1452 1807 1491 1841 et

214 1872 371 1912 ineunte
400 1878 510 1912 sexto
539 1873 687 1912 decimo
715 1873 869 1924 plurimi
900 1873 1134 1912 Graeeorum
1163 1877 1202 1912 et
1229 1874 1488 1911 Romanorum

216 1942 443 1991 scriptorum
473 1954 520 1980 ex
549 1942 707 1980 latebris
734 1954 808 1980 non
848 1942 931 1980 sine
966 1941 1167 1990 diligentia
1200 1940 1365 1992 prompti
1403 1940 1488 1979 ede-

215 2015 356 2061 rentur,
385 2016 505 2050 totum
526 2012 835 2062 vinterpungendi
864 2023 1003 2050 munus
1030 2011 1130 2050 fierit
1157 2023 1299 2060 eorum,
1328 2010 1393 2059 qui
1413 2010 1486 2048 edi-

216 2080 342 2119 tiones
362 2081 560 2120 curabant.
601 2081 749 2127 Quibus
769 2081 863 2119 viris
892 2092 975 2119 cum
1006 2080 1078 2119 hoc
1106 2092 1222 2119 unum
1250 2079 1487 2131 propositum

217 2154 338 2201 esset,
377 2155 419 2189 ut
455 2151 542 2189 libri
577 2151 861 2200 qualescunque
896 2151 936 2188 in
965 2149 1158 2200 publicum
1195 2149 1411 2200 prodirent,
1449 2149 1489 2186 in

216 2232 374 2259 munere
408 2220 474 2258 illo
509 2220 745 2270 perficiendo
775 2219 910 2259 eadem
940 2219 1088 2258 ratione
1117 2218 1178 2257 usi
1212 2222 1302 2257 sunt
1337 2230 1413 2267 qua
1449 2218 1489 2256 in

216 2289 494 2340 orthographia
522 2289 785 2328 observanda:
815 2288 930 2339 nulla,
960 2288 1106 2339 opinor.
1145 2288 1269 2338 Atque
1295 2287 1335 2326 in
1365 2287 1489 2326 ortho-

217 2358 383 2408 graphia
423 2358 577 2407 quidem
622 2359 787 2408 scriptos
830 2358 933 2397 solos
975 2357 1095 2395 libros
1137 2369 1204 2396 eos
1246 2356 1368 2395 secuti
1404 2368 1490 2396 esse

219 2427 323 2466 haud
351 2428 406 2466 ita
434 2427 591 2466 multum
622 2427 865 2478 improbandi
895 2415 1003 2466 eunt:
1031 2439 1121 2465 nam
1146 2438 1232 2465 eum
1253 2430 1418 2475 tangunt
1441 2427 1489 2466 de

218 2498 287 2536 ilia
321 2497 637 2546 quaestiunculae
678 2497 766 2547 ipsa
806 2497 942 2535 intima
983 2495 1219 2547 philologiae
1255 2500 1335 2534 tum
1373 2497 1490 2535 aetati

157 2606 170 2616 l
217 2567 270 2605 illi
309 2579 357 2605 ea
393 2578 493 2615 quae
528 2566 578 2605 ad
614 2566 652 2604 id
689 2566 957 2605 desiderantur
994 2565 1204 2633 studiorum
1239 2564 1490 2604 fundamenta
