1693 2981
723 306 858 346 --48
886 330 940 336 .-

634 423 760 467 Ann.
787 423 819 466 1.
846 424 884 467 1.
913 435 953 467 e.
983 425 1028 467 7.

319 492 474 531 Initium
490 492 632 543 capitis
650 492 765 532 huius
786 493 974 532 editiones
992 493 1048 532 sic
1065 493 1289 533 distinctum
1303 492 1469 532 habent:

383 563 435 600 At
462 564 608 602 Romae
642 577 753 601 ruere
787 564 831 601 in
863 563 1064 602 servitium
1100 564 1290 612 eonsules,
1321 569 1469 614 patres,

383 644 505 682 eques.
540 637 682 683 quanto
710 633 797 683 quis
826 625 1053 681 inlustrium
1077 637 1184 670 tanto
1212 632 1342 683 maqis
1360 631 1471 683 falsi

382 715 429 739 ac
454 701 710 752 festinantes,
744 700 926 752 vultuque
953 702 1184 752 composito,
1213 714 1264 739 ne
1288 701 1382 739 laeti
1408 714 1469 739 eoc—

382 782 488 808 ceseu
518 770 725 821 principis
752 783 826 808 neu
853 770 1045 809 tristiores
1075 770 1323 822 primordio,
1352 769 1468 808 lacri-

332 854 333 857 ’
381 853 466 878 mas
493 839 698 891 glaudium,
729 845 884 891 questus
909 839 1176 879 adulationem
1204 839 1423 878 miscebant.

318 908 403 956 Ego
432 907 586 957 quidem
614 908 697 947 hoc*
716 908 793 947 alio
821 908 936 947 modo
965 907 1224 947 distinxerim:

382 977 434 1015 At
463 979 608 1016 Romae
635 991 746 1016 ruere
778 978 824 1016 in
856 979 1059 1017 servitium
1096 977 1286 1027 eonsules,
1316 983 1466 1029 patres,

381 1059 514 1098 eques:
541 1053 683 1098 quanto
710 1048 799 1098 quis
827 1030 1043 1096 inlustrior,
1079 1053 1185 1085 tanto
1213 1048 1342 1098 mayis
1358 1047 1469 1098 falsi

379 1130 426 1154 ae
452 1116 695 1173 festinantes.
747 1115 933 1167 Vultuque
962 1116 1183 1167 composito,
1212 1129 1259 1154 ne
1287 1116 1382 1154 laeti
1405 1130 1464 1155 ece-

381 1199 486 1224 cessu
503 1186 708 1236 principis
727 1198 800 1222 neu
814 1186 1006 1224 tristiores
1021 1185 1260 1236 primordim
1280 1185 1466 1224 lacrimas

379 1254 585 1304 9audium,
615 1259 767 1305 questus
794 1253 1062 1292 adulationem
1089 1253 1310 1293 miscebant.

315 1322 451 1360 Etiam
471 1321 544 1360 hoc
571 1322 656 1360 loco
685 1321 893 1360 eorundem
917 1321 1123 1360 Annalium
1144 1321 1239 1360 illud
1253 1329 1396 1373 quanto
1411 1345 1463 1351 —-

186 1397 293 1430 tanto
340 1390 391 1429 ad
436 1402 484 1429 ea
525 1402 624 1440 quae
665 1390 840 1441 proxime
861 1390 1130 1430 *antecedunt*
1152 1402 1345 1430 annexum
1387 1395 1464 1430 est:

185 1461 285 1499 Ann.
314 1460 380 1510 IV,
416 1461 485 1510 67,
527 1460 576 1498 15
614 1466 695 1498 tum
728 1460 909 1500 Tiberius
939 1461 1143 1499 duodecim
1178 1458 1364 1499 villarum
1400 1475 1463 1498 no-

184 1529 356 1569 minibus
397 1535 432 1568 et
466 1529 635 1568 molibus
670 1530 884 1579 insederat,
927 1535 1070 1582 quanto
1106 1531 1249 1569 itentus
1282 1529 1375 1569 olim
1408 1530 1464 1568 ad

180 1600 365 1650 publicas
394 1614 521 1648 curas,
552 1605 658 1637 tanto
681 1600 905 1638 occultiores
924 1601 968 1636 in
989 1600 1106 1637 luoeus
1130 1606 1164 1636 et
1185 1600 1329 1636 malum
1344 1600 1463 1637 otium
1491 1611 1493 1613 ·

131 1695 134 1698 -
182 1668 385 1718 resolutus,
424 1666 471 1706 cf.
494 1666 592 1706 Hist.
617 1667 667 1718 ΙΙ,
696 1668 759 1718 99,
785 1667 1037 1719 &inpatiens
1059 1667 1153 1707 solis
1174 1668 1350 1720 pulveris
1375 1674 1461 1707 tem-

177 1744 384 1787 pestatum,
401 1744 659 1787 quantumque
676 1738 785 1775 hebes
799 1738 855 1774 ad
868 1738 1137 1775 sustinendum
1152 1737 1323 1775 laborem
1337 1738 1457 1785 miles,

182 1810 289 1845 tanto
324 1806 380 1844 ad
418 1805 643 1845 discordias
671 1805 908 1857 promptior.
939 1854 948 1859 ·
965 1804 1095 1844 Verba
1127 1803 1196 1844 illa
1229 1803 1284 1844 sic
1321 1803 1399 1844 iam
1438 1817 1462 1844 a

184 1874 373 1913 suvernio
384 1875 414 1921 ²)
443 1875 562 1912 allata
590 1885 677 1912 esse
704 1874 744 1912 in
774 1874 949 1922 legendis
972 1874 1340 1923 perlustrandisque,
1370 1879 1462 1922 quot

185 1954 328 1993 eorum,
357 1942 423 1992 qui
451 1942 499 1982 de
515 1942 652 1981 Tacito
682 1946 781 1992 sunt,
810 1942 993 1982 librorum
1021 1942 1106 1993 loci,
1136 1955 1210 1992 quo
1231 1942 1458 1993 scribebam,

182 2012 468 2061 opportunitate
497 2012 640 2050 habere
667 2012 788 2061 potui,
816 2012 898 2049 vidi
926 2012 978 2049 At
1006 2014 1152 2050 Romae
1179 2026 1290 2050 ruere
1319 2014 1361 2050 in
1382 2027 1459 2051 ser-

181 2081 321 2119 vitium
358 2081 547 2130 eonsules,
581 2086 739 2132 patres,
782 2093 910 2132 eques,
949 2087 1090 2132 quanto
1125 2082 1214 2132 quis
1256 2081 1461 2120 inlustrior

181 2156 288 2188 tanto
325 2152 455 2200 mayis
479 2150 590 2201 falsi
627 2156 667 2187 et
689 2150 955 2203 fastinantem
1003 2149 1082 2187 Sed
1119 2161 1242 2198 neque
1277 2149 1457 2198 cogitate,

182 2218 315 2268 credo,
352 2218 447 2257 illud
481 2218 516 2257 is
544 2217 637 2257 fecit
664 2208 791 2267 neque
818 2217 1005 2256 editorum
1039 2222 1132 2266 quot
1161 2218 1326 2267 cognovi
1354 2218 1456 2268 quis-

182 2300 298 2336 quam
326 2288 497 2326 animum
526 2288 566 2326 id
595 2287 776 2336 aevertit3
818 2299 865 2325 ex
894 2287 1139 2326 collectaneis
1166 2288 1294 2338 potius
1323 2288 1459 2327 leviter

182 2356 398 2406 raptimque
413 2356 557 2395 chartis
572 2355 767 2394 mandatis
789 2355 913 2394 locum
935 2368 960 2394 a
983 2355 1169 2395 Suvernio
1184 2356 1463 2407 transcriptum.

182 2438 288 2476 esse,
318 2427 433 2465 etiam
462 2426 553 2465 inde
582 2425 720 2474 collegi
747 2437 864 2475 posse
891 2425 985 2464 mihi
1014 2426 1182 2475 videtur,
1220 2426 1322 2475 quod
1358 2427 1459 2465 inter

315 2522 337 2563 ¹)
359 2521 473 2554 Uebcr
496 2521 560 2554 den
585 2520 862 2554 kunstcharacter
885 2521 947 2553 des
965 2520 1114 2554 Tacitus.
1148 2521 1259 2553 Berlin
1283 2522 1448 2554 1822-23

182 2576 281 2615 p.93.
306 2576 381 2607 adn.
407 2576 438 2607 4.
