1693 2981
796 308 983 347 -9-

254 421 464 478 diximus,
484 427 717 466 munitiones
745 431 1006 477 pervenerunt
1039 430 1153 477 atque
1191 425 1252 464 his
1287 427 1442 476 porutis
1478 447 1531 453 —

252 502 296 539 in
325 499 492 538 hostium
529 498 672 536 castris
709 496 960 535 constiterunt
993 494 1105 533 Caes.
1143 494 1187 533 B.
1225 493 1268 533 G.
1304 494 1376 545 III,
1415 494 1478 545 68,
1506 495 1531 533 3

247 568 429 620 prorutis
466 565 761 612 munitionibus,
798 564 1029 616 defendente
1061 564 1169 603 nullo
1202 555 1532 613 transcev'zderunt‚

253 636 338 674 Liv.
367 636 436 686 IX,
469 635 529 686 14,
560 635 584 673 9
613 633 705 686 (quo
732 633 817 671 loco
831 631 949 671 utitur
962 631 1298 684 Nipperdeyus²))
1329 646 1415 671 cum
1431 644 1533 684 pars

243 707 383 758 fossas
411 706 621 756 ewplerent,
651 717 754 754 pars
787 703 968 741 vellerent
999 703 1146 740 vallum
1179 708 1292 753 atque
1325 703 1370 740 in
1396 702 1534 753 fossas

248 779 494 827 proruerent,
511 771 595 810 Liv.
611 771 756 822 XXVI,
782 770 831 809 13
853 774 948 810 extr.
965 769 1120 821 Albam,
1149 771 1253 810 unde
1272 771 1358 823 ipsi
1373 771 1536 810 oriundi

255 849 386 891 erant,
425 856 451 879 a
468 842 748 892 fundamentis
774 847 1029 891 proruerunt,
1065 840 1195 888 itaque
1229 839 1278 877 de
1313 838 1535 877 hominibus

255 911 347 950 Tac.
375 909 475 949 Hist.
504 909 576 960 III,
605 909 668 961 23,
699 909 720 948 7
752 909 1025 962 maqnitudine
1054 910 1203 948 eoeimia
1234 910 1395 961 quintae
1423 909 1534 948 decu-

255 995 339 1019 mae
367 981 533 1031 leqionis
562 980 719 1019 ballista
747 979 970 1031 ingentibus
984 981 1098 1018 saoeis
1114 980 1291 1018 hostilem
1308 981 1432 1017 aciem
1439 993 1534 1030 pro-

254 1050 391 1088 ruebat
399 1064 415 1099 ,·
440 1048 682 1088 intransitive
710 1049 809 1087 Ann.
839 1048 924 1098 XV,
954 1048 1018 1099 22,
1048 1048 1072 1087 8
1102 1055 1206 1088 motu
1233 1055 1360 1087 terrae
1389 1048 1534 1087 celebre

257 1119 501 1170 Campaniae
529 1120 721 1169 oppidum
748 1119 914 1168 Pompei
950 1132 1095 1169 maqna
1130 1132 1178 1156 eoe
1213 1111 1326 1169 parte
1355 1119 1530 1169 proruit.

255 1187 327 1226 Illa
355 1187 473 1236 igitur
502 1187 694 1237 scriptura
720 1186 824 1225 haud
852 1186 1056 1236 probanda
1083 1190 1163 1236 cst,
1191 1199 1240 1225 ne
1254 1186 1353 1225 haec
1367 1186 1534 1236 quidem,

255 1267 369 1304 quam
399 1255 605 1299 Turnebus
615 1255 646 1306 ²)
675 1254 1002 1305 Freinshemius2)
1033 1259 1071 1294 et
1099 1255 1166 1294 alii
1192 1259 1282 1306 post
1308 1266 1376 1294 cos
1387 1254 1418 1306 2)
1446 1267 1533 1305 pro-

255 1328 484 1374 posuerunt:
515 1330 599 1363 orta
616 1325 681 1363 die
689 1330 901 1376 proruunt,
921 1325 1063 1375 fossis
1091 1326 1263 1363 iniciunt
1287 1331 1423 1374 crates,
1452 1336 1536 1375 pro-

256 1397 390 1442 pterea
417 1392 519 1441 quod
548 1393 707 1431 verbum
730 1394 956 1444 proruendi
983 1404 1031 1431 ea
1059 1405 1136 1442 qua
1162 1392 1219 1430 illi
1245 1392 1319 1431 viri
1346 1392 1450 1431 docti
1470 1404 1536 1431 vo-

255 1461 409 1500 lucrunt
451 1461 643 1501 sententia
684 1474 770 1500 cum
812 1461 917 1512 apud
954 1461 1052 1500 alios
1089 1461 1294 1512 scriptores
1328 1461 1538 1500 admodum

256 1543 344 1568 raro
373 1535 412 1568 et
440 1530 571 1568 dubiis
599 1530 810 1569 maximam
838 1535 987 1580 partem
1017 1531 1177 1580 insuper
1200 1531 1433 1569 lectionibus
1456 1535 1537 1569 tum

258 1598 363 1650 apud
405 1598 582 1638 Tacitum
620 1611 811 1649 nusquam
849 1604 1077 1651 usurpatum
1113 1600 1320 1640 invenitur.
1376 1600 1536 1640 Ioannis

258 1668 469 1706 Friederici
499 1668 728 1719 Gronoviiss)
757 1672 886 1708 autem
923 1669 1141 1708 emendatio
1179 1670 1363 1709 obruunt
1386 1671 1538 1722 fossas,

259 1739 428 1777 iniciunt
463 1744 587 1778 crates
620 1737 783 1777 nimium
821 1737 944 1778 distat
979 1752 1003 1778 a
1038 1738 1229 1790 scriptura
1255 1738 1345 1778 libri
1374 1739 1539 1779 Medicei

259 1819 373 1855 quam
409 1820 508 1855 quae
543 1807 669 1857 accipi
704 1807 840 1856 possit.
897 1808 981 1845 Hoc
1016 1808 1145 1857 potius
1181 1808 1297 1845 modo
1339 1821 1364 1845 a
1401 1808 1539 1846 Tacito

259 1875 442 1927 scriptum
470 1875 591 1915 fuisse
620 1875 787 1915 conicio:

452 1948 578 1998 igitur
613 1953 699 1985 orta
737 1947 801 1983 die
829 1948 1159 1997 prorumpunt,
1190 1946 1329 1998 fossi·
1372 1948 1541 1985 iniciunt

453 2022 575 2056 crates
604 2030 632 2055 e.
663 2031 696 2068 q.
724 2030 754 2055 s.

386 2085 445 2123 De
475 2085 667 2134 scriptura
691 2086 821 2136 fossis
850 2084 1155 2134 comparaverim
1184 2085 1259 2124 hoc
1286 2085 1453 2124 Medicei
1483 2086 1541 2136 (in

259 2153 359 2192 Ann.
389 2153 454 2204 IV,
484 2153 546 2205 73,
576 2153 639 2205 5):
677 2154 801 2193 soluto
838 2155 921 2192 iam
957 2154 1112 2194 castello
1148 2153 1313 2207 [castelli
1340 2167 1421 2194 em:
1443 2155 1540 2194 Rhe-

259 2222 398 2273 nanus]
429 2224 645 2272 obsidio4);
674 2223 723 2261 de
751 2223 870 2261 verbo
893 2225 1184 2273 prorumpendi
1212 2224 1311 2261 Hist.
1328 2225 1393 2273 IV,
1410 2224 1473 2272 34,
1490 2224 1541 2261 25

392 2365 416 2406 ¹)
440 2368 476 2397 at
497 2365 589 2406 apud
611 2365 722 2406 ipsum
744 2366 866 2398 mendo
890 2366 1097 2408 typographi
1120 2370 1175 2398 est
1196 2367 1254 2407 XI,
1279 2367 1329 2406 14,
1353 2367 1382 2398 9.

390 2418 417 2460 ²)
439 2428 472 2451 v.
498 2418 552 2451 ed.
575 2418 814 2460 Rupertianam
836 2419 903 2452 vol.
926 2419 952 2452 Ι.
974 2429 1007 2461 p.
1032 2419 1104 2452 118.

390 2472 417 2514 ⁸)
439 2473 507 2514 legi
529 2472 620 2514 apud
642 2472 956 2505 Drakenborchium
979 2473 1022 2505 ad
1045 2473 1118 2505 Liv.
1142 2473 1200 2513 IV,
1223 2473 1275 2514 29,
1297 2474 1328 2505 3.

389 2525 417 2567 ⁴)
440 2536 472 2557 v.
496 2535 584 2567 quae
609 2525 798 2567 disputavit
822 2528 858 2557 et
880 2526 1017 2566 collegit
1045 2535 1086 2557 ea
1116 2526 1158 2558 de
1188 2535 1225 2558 re
1256 2526 1408 2558 Ritterus
1432 2526 1541 2566 praef.

260 2588 293 2619 p.
316 2578 432 2611 XXXI
454 2578 540 2611 med.

1328 2633 1348 2663 2
