<?xml version="1.0" encoding="UTF-8"?>
<!DOCTYPE html PUBLIC "-//W3C//DTD XHTML 1.0 Transitional//EN"
    "http://www.w3.org/TR/xhtml1/DTD/xhtml1-transitional.dtd">
<html xmlns="http://www.w3.org/1999/xhtml" xml:lang="en" lang="en">
 <head>
  <title>
</title>
<meta http-equiv="Content-Type" content="text/html;charset=utf-8" />
  <meta name='ocr-system' content='tesseract 3.04.00' />
  <meta name='ocr-capabilities' content='ocr_page ocr_carea ocr_par ocr_line ocrx_word'/>
</head>
<body>
  <div class='ocr_page' id='page_1' title='image "4737322_0043.png"; bbox 0 0 1693 2981; ppageno 0'>
   <div class='ocr_carea' id='block_1_1' title="bbox 704 303 917 341">
    <p class='ocr_par' dir='ltr' id='par_1_1' title="bbox 704 303 917 341">
     <span class='ocr_line' id='line_1_1' title="bbox 704 303 917 341; baseline 0 -11"><span class='ocrx_word' id='word_1_1' title='bbox 704 303 917 341; x_wconf 69' lang='grc'><strong>..33-</strong></span> 
     </span>
    </p>
   </div>
   <div class='ocr_carea' id='block_1_2' title="bbox 161 410 1451 2400">
    <p class='ocr_par' dir='ltr' id='par_1_2' title="bbox 161 410 1451 2400">
     <span class='ocr_line' id='line_1_2' title="bbox 172 410 1446 470; baseline -0.002 -11"><span class='ocrx_word' id='word_1_2' title='bbox 172 424 300 459; x_wconf 84' lang='lat' dir='ltr'><em>autem</em></span> <span class='ocrx_word' id='word_1_3' title='bbox 329 423 558 470; x_wconf 82' lang='lat' dir='ltr'><em>usurpatum</em></span> <span class='ocrx_word' id='word_1_4' title='bbox 581 422 736 458; x_wconf 75' lang='lat' dir='ltr'><em>tantum</em></span> <span class='ocrx_word' id='word_1_5' title='bbox 764 418 869 457; x_wconf 87' lang='lat' dir='ltr'><em>valet</em></span> <span class='ocrx_word' id='word_1_6' title='bbox 896 410 1080 467; x_wconf 81' lang='lat' dir='ltr'><em>quantum</em></span> <span class='ocrx_word' id='word_1_7' title='bbox 1109 422 1240 457; x_wconf 84' lang='lat' dir='ltr'><em>nostro</em></span> <span class='ocrx_word' id='word_1_8' title='bbox 1269 430 1446 457; x_wconf 78' lang='lat' dir='ltr'>sermone</span> 
     </span>
     <span class='ocr_line' id='line_1_3' title="bbox 172 488 1447 544; baseline -0.002 -16"><span class='ocrx_word' id='word_1_9' title='bbox 172 495 372 539; x_wconf 78' lang='lat' dir='ltr'><em>versetzen,</em></span> <span class='ocrx_word' id='word_1_10' title='bbox 401 489 596 544; x_wconf 73' lang='lat' dir='ltr'><em>verleyen,·</em></span> <span class='ocrx_word' id='word_1_11' title='bbox 621 501 657 527; x_wconf 84' lang='lat' dir='ltr'><em>v.</em></span> <span class='ocrx_word' id='word_1_12' title='bbox 675 488 773 527; x_wconf 83' lang='lat' dir='ltr'><em>Gell.</em></span> <span class='ocrx_word' id='word_1_13' title='bbox 794 488 841 526; x_wconf 87' lang='lat' dir='ltr'><em>N.</em></span> <span class='ocrx_word' id='word_1_14' title='bbox 861 488 907 526; x_wconf 90' lang='lat' dir='ltr'><em>A.</em></span> <span class='ocrx_word' id='word_1_15' title='bbox 927 488 993 534; x_wconf 86' lang='lat' dir='ltr'><em>IV,</em></span> <span class='ocrx_word' id='word_1_16' title='bbox 1022 488 1059 538; x_wconf 83' lang='lat'><em>5,</em></span> <span class='ocrx_word' id='word_1_17' title='bbox 1081 488 1105 526; x_wconf 88' lang='grc'><strong>3</strong></span> <span class='ocrx_word' id='word_1_18' title='bbox 1133 488 1253 527; x_wconf 87' lang='lat' dir='ltr'><em>Illam</em></span> <span class='ocrx_word' id='word_1_19' title='bbox 1279 494 1447 527; x_wconf 80' lang='lat' dir='ltr'><em>statuam</em></span> 
     </span>
     <span class='ocr_line' id='line_1_4' title="bbox 172 556 1446 611; baseline -0.003 -12"><span class='ocrx_word' id='word_1_20' title='bbox 172 565 377 599; x_wconf 81' lang='lat' dir='ltr'><em>suaserunt</em></span> <span class='ocrx_word' id='word_1_21' title='bbox 403 560 448 597; x_wconf 85' lang='lat' dir='ltr'><em>in</em></span> <span class='ocrx_word' id='word_1_22' title='bbox 477 559 703 611; x_wconf 75' lang='lat' dir='ltr'><em>inferiorem</em></span> <span class='ocrx_word' id='word_1_23' title='bbox 731 558 856 597; x_wconf 84' lang='lat' dir='ltr'><em>locum</em></span> <span class='ocrx_word' id='word_1_24' title='bbox 882 559 1099 609; x_wconf 66' lang='lat' dir='ltr'><em>transponi,</em></span> <span class='ocrx_word' id='word_1_25' title='bbox 1135 556 1215 595; x_wconf 88' lang='lat' dir='ltr'><em>ibd.</em></span> <span class='ocrx_word' id='word_1_26' title='bbox 1244 557 1319 596; x_wconf 89' lang='lat' dir='ltr'><em>VH</em></span> <span class='ocrx_word' id='word_1_27' title='bbox 1347 557 1446 608; x_wconf 85' lang='lat' dir='ltr'>(VI),</span> 
     </span>
     <span class='ocr_line' id='line_1_5' title="bbox 172 627 1446 678; baseline -0.001 -12"><span class='ocrx_word' id='word_1_28' title='bbox 172 629 208 678; x_wconf 90' lang='lat'><em>9,</em></span> <span class='ocrx_word' id='word_1_29' title='bbox 240 629 258 666; x_wconf 95' lang='grc'>1</span> <span class='ocrx_word' id='word_1_30' title='bbox 290 630 434 667; x_wconf 88' lang='lat' dir='ltr'><em>Locum</em></span> <span class='ocrx_word' id='word_1_31' title='bbox 462 630 580 667; x_wconf 84' lang='lat' dir='ltr'><em>istum</em></span> <span class='ocrx_word' id='word_1_32' title='bbox 606 633 725 666; x_wconf 84' lang='lat' dir='ltr'><em>totum</em></span> <span class='ocrx_word' id='word_1_33' title='bbox 754 627 827 664; x_wconf 84' lang='lat' dir='ltr'><em>huc</em></span> <span class='ocrx_word' id='word_1_34' title='bbox 855 639 903 665; x_wconf 74' lang='lat' dir='ltr'><em>ecc</em></span> <span class='ocrx_word' id='word_1_35' title='bbox 918 627 1079 665; x_wconf 83' lang='lat' dir='ltr'><em>Pisonis</em></span> <span class='ocrx_word' id='word_1_36' title='bbox 1107 627 1246 664; x_wconf 86' lang='lat' dir='ltr'><em>annali</em></span> <span class='ocrx_word' id='word_1_37' title='bbox 1273 632 1446 678; x_wconf 85' lang='lat' dir='ltr'><em>transpo-</em></span> 
     </span>
     <span class='ocr_line' id='line_1_6' title="bbox 170 695 1447 747; baseline -0.002 -10"><span class='ocrx_word' id='word_1_38' title='bbox 170 699 332 747; x_wconf 86' lang='lat' dir='ltr'><em>suimus,</em></span> <span class='ocrx_word' id='word_1_39' title='bbox 361 696 458 735; x_wconf 85' lang='lat' dir='ltr'><em>Plin.</em></span> <span class='ocrx_word' id='word_1_40' title='bbox 488 708 576 746; x_wconf 85' lang='lat' dir='ltr'><strong>epp.</strong></span> <span class='ocrx_word' id='word_1_41' title='bbox 604 695 655 745; x_wconf 80' lang='lat' dir='ltr'><em>X,</em></span> <span class='ocrx_word' id='word_1_42' title='bbox 689 695 752 744; x_wconf 88' lang='lat'><em>69,</em></span> <span class='ocrx_word' id='word_1_43' title='bbox 791 695 822 741; x_wconf 11' lang='lat'><em>2*</em></span> <span class='ocrx_word' id='word_1_44' title='bbox 844 695 941 733; x_wconf 74' lang='lat' dir='ltr'><em>Erit</em></span> <span class='ocrx_word' id='word_1_45' title='bbox 962 695 1095 746; x_wconf 88' lang='lat' dir='ltr'><em>facile</em></span> <span class='ocrx_word' id='word_1_46' title='bbox 1116 708 1194 746; x_wconf 92' lang='lat' dir='ltr'><em>per</em></span> <span class='ocrx_word' id='word_1_47' title='bbox 1231 695 1341 733; x_wconf 88' lang='lat' dir='ltr'><em>illam</em></span> <span class='ocrx_word' id='word_1_48' title='bbox 1370 696 1447 734; x_wconf 84' lang='lat' dir='ltr'><em>bre-</em></span> 
     </span>
     <span class='ocr_line' id='line_1_7' title="bbox 172 764 1450 816; baseline -0.002 -11"><span class='ocrx_word' id='word_1_49' title='bbox 172 767 373 805; x_wconf 82' lang='lat' dir='ltr'><em>vissimam</em></span> <span class='ocrx_word' id='word_1_50' title='bbox 413 771 559 803; x_wconf 76' lang='lat' dir='ltr'><em>terram</em></span> <span class='ocrx_word' id='word_1_51' title='bbox 600 764 762 802; x_wconf 83' lang='lat' dir='ltr'><em>advecta</em></span> <span class='ocrx_word' id='word_1_52' title='bbox 794 764 913 815; x_wconf 88' lang='lat' dir='ltr'><em>fossa</em></span> <span class='ocrx_word' id='word_1_53' title='bbox 955 778 1073 803; x_wconf 85' lang='lat' dir='ltr'><em>onera</em></span> <span class='ocrx_word' id='word_1_54' title='bbox 1115 770 1366 816; x_wconf 65' lang='lat' dir='ltr'><em>transponere</em></span> <span class='ocrx_word' id='word_1_55' title='bbox 1406 766 1450 803; x_wconf 74' lang='lat' dir='ltr'><em>in</em></span> 
     </span>
     <span class='ocr_line' id='line_1_8' title="bbox 161 833 1449 887; baseline -0.002 -13"><span class='ocrx_word' id='word_1_56' title='bbox 161 836 323 887; x_wconf 84' lang='lat' dir='ltr'><em>flumen,</em></span> <span class='ocrx_word' id='word_1_57' title='bbox 366 835 461 873; x_wconf 83' lang='lat' dir='ltr'><em>Iust.</em></span> <span class='ocrx_word' id='word_1_58' title='bbox 491 833 641 883; x_wconf 90' lang='lat' dir='ltr'>XXIII,</span> <span class='ocrx_word' id='word_1_59' title='bbox 670 833 707 883; x_wconf 89' lang='lat'><em>3,</em></span> <span class='ocrx_word' id='word_1_60' title='bbox 737 834 759 872; x_wconf 85' lang='lat'><strong>7</strong></span> <span class='ocrx_word' id='word_1_61' title='bbox 790 844 846 882; x_wconf 79' lang='lat' dir='ltr'><em>sq.</em></span> <span class='ocrx_word' id='word_1_62' title='bbox 883 834 1120 873; x_wconf 85' lang='lat' dir='ltr'><em>instantibus</em></span> <span class='ocrx_word' id='word_1_63' title='bbox 1158 835 1248 873; x_wconf 80' lang='lat' dir='ltr'><em>hinc</em></span> <span class='ocrx_word' id='word_1_64' title='bbox 1286 833 1449 872; x_wconf 79' lang='lat' dir='ltr'><em>Cartha-</em></span> 
     </span>
     <span class='ocr_line' id='line_1_9' title="bbox 171 902 1448 955; baseline -0.002 -13"><span class='ocrx_word' id='word_1_65' title='bbox 171 904 431 955; x_wconf 68' lang='lat' dir='ltr'><em>giniensibus,</em></span> <span class='ocrx_word' id='word_1_66' title='bbox 473 903 563 941; x_wconf 84' lang='lat' dir='ltr'><em>inde</em></span> <span class='ocrx_word' id='word_1_67' title='bbox 590 904 781 941; x_wconf 82' lang='lat' dir='ltr'><em>Romanis</em></span> <span class='ocrx_word' id='word_1_68' title='bbox 813 902 1079 953; x_wconf 85' lang='lat' dir='ltr'><em>periculosum</em></span> <span class='ocrx_word' id='word_1_69' title='bbox 1116 902 1308 955; x_wconf 78' lang='lat' dir='ltr'><em>(Pyrrho)</em></span> <span class='ocrx_word' id='word_1_70' title='bbox 1344 904 1448 941; x_wconf 82' lang='lat' dir='ltr'><em>vide-</em></span> 
     </span>
     <span class='ocr_line' id='line_1_10' title="bbox 173 972 1449 1022; baseline 0 -11"><span class='ocrx_word' id='word_1_71' title='bbox 173 973 288 1012; x_wconf 76' lang='lat' dir='ltr'><em>batwr</em></span> <span class='ocrx_word' id='word_1_72' title='bbox 315 974 527 1020; x_wconf 68' lang='lat' dir='ltr'><em>excercitum</em></span> <span class='ocrx_word' id='word_1_73' title='bbox 553 974 598 1010; x_wconf 77' lang='lat' dir='ltr'><em>‘in</em></span> <span class='ocrx_word' id='word_1_74' title='bbox 625 972 787 1010; x_wconf 79' lang='lat' dir='ltr'><em>Italiam</em></span> <span class='ocrx_word' id='word_1_75' title='bbox 813 986 891 1011; x_wconf 80' lang='lat' dir='ltr'><em>non</em></span> <span class='ocrx_word' id='word_1_76' title='bbox 917 973 1160 1021; x_wconf 79' lang='lat' dir='ltr'><strong><em>traicere,</em></strong></span> <span class='ocrx_word' id='word_1_77' title='bbox 1186 972 1449 1022; x_wconf 73' lang='lat' dir='ltr'><em>periculosius</em></span> 
     </span>
     <span class='ocr_line' id='line_1_11' title="bbox 172 1039 1448 1091; baseline 0 -13"><span class='ocrx_word' id='word_1_78' title='bbox 172 1055 198 1078; x_wconf 91' lang='lat' dir='ltr'><em>a</em></span> <span class='ocrx_word' id='word_1_79' title='bbox 227 1041 375 1078; x_wconf 82' lang='lat' dir='ltr'><em>Sicilia</em></span> <span class='ocrx_word' id='word_1_80' title='bbox 404 1041 616 1079; x_wconf 84' lang='lat' dir='ltr'><em>deducere:</em></span> <span class='ocrx_word' id='word_1_81' title='bbox 643 1053 689 1078; x_wconf 89' lang='lat' dir='ltr'><em>ne</em></span> <span class='ocrx_word' id='word_1_82' title='bbox 717 1045 785 1078; x_wconf 85' lang='lat' dir='ltr'><em>aut</em></span> <span class='ocrx_word' id='word_1_83' title='bbox 813 1039 877 1078; x_wconf 83' lang='lat' dir='ltr'><em>illi</em></span> <span class='ocrx_word' id='word_1_84' title='bbox 905 1053 980 1079; x_wconf 88' lang='lat' dir='ltr'><em>non</em></span> <span class='ocrx_word' id='word_1_85' title='bbox 1008 1040 1092 1078; x_wconf 84' lang='lat' dir='ltr'><em>lata</em></span> <span class='ocrx_word' id='word_1_86' title='bbox 1121 1053 1192 1091; x_wconf 89' lang='lat' dir='ltr'><em>ope</em></span> <span class='ocrx_word' id='word_1_87' title='bbox 1218 1046 1289 1078; x_wconf 83' lang='lat' dir='ltr'><em>aut</em></span> <span class='ocrx_word' id='word_1_88' title='bbox 1316 1041 1359 1079; x_wconf 78' lang='lat' dir='ltr'><em>hi</em></span> <span class='ocrx_word' id='word_1_89' title='bbox 1387 1041 1448 1078; x_wconf 86' lang='lat' dir='ltr'><em>de-</em></span> 
     </span>
     <span class='ocr_line' id='line_1_12' title="bbox 170 1109 1449 1159; baseline 0 -11"><span class='ocrx_word' id='word_1_90' title='bbox 170 1111 265 1149; x_wconf 82' lang='lat' dir='ltr'><em>serti</em></span> <span class='ocrx_word' id='word_1_91' title='bbox 291 1111 569 1148; x_wconf 84' lang='lat' dir='ltr'><em>amitterentur.</em></span> <span class='ocrx_word' id='word_1_92' title='bbox 624 1110 673 1146; x_wconf 84' lang='lat' dir='ltr'><em>In</em></span> <span class='ocrx_word' id='word_1_93' title='bbox 702 1109 772 1147; x_wconf 81' lang='lat' dir='ltr'><em>hoc</em></span> <span class='ocrx_word' id='word_1_94' title='bbox 799 1115 908 1147; x_wconf 86' lang='lat' dir='ltr'><em>aestu</em></span> <span class='ocrx_word' id='word_1_95' title='bbox 936 1110 1206 1159; x_wconf 76' lang='lat' dir='ltr'><em>periculorum</em></span> <span class='ocrx_word' id='word_1_96' title='bbox 1232 1111 1449 1148; x_wconf 83' lang='lat' dir='ltr'><em>tutissimus</em></span> 
     </span>
     <span class='ocr_line' id='line_1_13' title="bbox 168 1177 1448 1228; baseline 0.001 -13"><span class='ocrx_word' id='word_1_97' title='bbox 168 1184 306 1228; x_wconf 77' lang='lat' dir='ltr'><em>portus</em></span> <span class='ocrx_word' id='word_1_98' title='bbox 335 1178 587 1215; x_wconf 80' lang='lat' dir='ltr'><em>consiliorum</em></span> <span class='ocrx_word' id='word_1_99' title='bbox 619 1178 726 1215; x_wconf 84' lang='lat' dir='ltr'><em>visus</em></span> <span class='ocrx_word' id='word_1_100' title='bbox 760 1182 814 1215; x_wconf 83' lang='lat' dir='ltr'><em>est</em></span> <span class='ocrx_word' id='word_1_101' title='bbox 848 1177 1024 1216; x_wconf 82' lang='lat' dir='ltr'><em>omnibus</em></span> <span class='ocrx_word' id='word_1_102' title='bbox 1057 1177 1210 1216; x_wconf 83' lang='lat' dir='ltr'><em>viribus</em></span> <span class='ocrx_word' id='word_1_103' title='bbox 1248 1178 1448 1218; x_wconf 70' lang='lat' dir='ltr'><em>decernere</em></span> 
     </span>
     <span class='ocr_line' id='line_1_14' title="bbox 171 1234 1448 1297; baseline -0.001 -12"><span class='ocrx_word' id='word_1_104' title='bbox 171 1249 213 1285; x_wconf 84' lang='lat' dir='ltr'><em>in</em></span> <span class='ocrx_word' id='word_1_105' title='bbox 242 1246 387 1285; x_wconf 82' lang='lat' dir='ltr'><em>Sicilia</em></span> <span class='ocrx_word' id='word_1_106' title='bbox 416 1252 450 1284; x_wconf 85' lang='lat' dir='ltr'><em>et</em></span> <span class='ocrx_word' id='word_1_107' title='bbox 473 1246 702 1297; x_wconf 71' lang='lat' dir='ltr'><em>profliqatis</em></span> <span class='ocrx_word' id='word_1_108' title='bbox 726 1234 1322 1297; x_wconf 38' lang='lat' dir='ltr'><em>Cartkayiniensibus&#39;victorem</em></span> <span class='ocrx_word' id='word_1_109' title='bbox 1344 1261 1448 1285; x_wconf 76' lang='lat' dir='ltr'><em>excr-</em></span> 
     </span>
     <span class='ocr_line' id='line_1_15' title="bbox 172 1306 1449 1366; baseline 0 -13"><span class='ocrx_word' id='word_1_110' title='bbox 172 1317 291 1354; x_wconf 80' lang='lat' dir='ltr'><em>citum</em></span> <span class='ocrx_word' id='word_1_111' title='bbox 346 1320 689 1366; x_wconf 69' lang='lat' dir='ltr'><em>transponere</em></span> <span class='ocrx_word' id='word_1_112' title='bbox 745 1316 790 1352; x_wconf 84' lang='lat' dir='ltr'><em>in</em></span> <span class='ocrx_word' id='word_1_113' title='bbox 825 1306 1011 1353; x_wconf 70' lang='lat' dir='ltr'><em>Italiam.</em></span> <span class='ocrx_word' id='word_1_114' title='bbox 1080 1314 1360 1363; x_wconf 81' lang='lat' dir='ltr'><em>Du-Cangius</em></span> <span class='ocrx_word' id='word_1_115' title='bbox 1409 1314 1449 1353; x_wconf 91' lang='lat' dir='ltr'><em>in</em></span> 
     </span>
     <span class='ocr_line' id='line_1_16' title="bbox 173 1383 1451 1435; baseline 0 -12"><span class='ocrx_word' id='word_1_116' title='bbox 173 1383 374 1423; x_wconf 78' lang='lat' dir='ltr'><em>Glossario</em></span> <span class='ocrx_word' id='word_1_117' title='bbox 402 1383 555 1422; x_wconf 84' lang='lat' dir='ltr'><em>mediae</em></span> <span class='ocrx_word' id='word_1_118' title='bbox 584 1387 622 1422; x_wconf 86' lang='lat' dir='ltr'><em>et</em></span> <span class='ocrx_word' id='word_1_119' title='bbox 648 1383 805 1422; x_wconf 87' lang='lat' dir='ltr'><em>infimae</em></span> <span class='ocrx_word' id='word_1_120' title='bbox 832 1383 1036 1422; x_wconf 82' lang='lat' dir='ltr'><em>latinitatis</em></span> <span class='ocrx_word' id='word_1_121' title='bbox 1064 1395 1095 1422; x_wconf 90' lang='lat' dir='ltr'><em>s.</em></span> <span class='ocrx_word' id='word_1_122' title='bbox 1124 1396 1160 1422; x_wconf 83' lang='lat' dir='ltr'><em>V.</em></span> <span class='ocrx_word' id='word_1_123' title='bbox 1199 1390 1451 1435; x_wconf 79' lang='lat' dir='ltr'><em>transponere</em></span> 
     </span>
     <span class='ocr_line' id='line_1_17' title="bbox 171 1451 1449 1503; baseline 0.001 -13"><span class='ocrx_word' id='word_1_124' title='bbox 171 1453 494 1501; x_wconf 85' lang='lat' dir='ltr'><em>significationem</em></span> <span class='ocrx_word' id='word_1_125' title='bbox 522 1453 758 1501; x_wconf 85' lang='lat' dir='ltr'><em>traiciendi,</em></span> <span class='ocrx_word' id='word_1_126' title='bbox 797 1451 846 1491; x_wconf 86' lang='lat' dir='ltr'><em>de</em></span> <span class='ocrx_word' id='word_1_127' title='bbox 875 1463 952 1501; x_wconf 90' lang='lat' dir='ltr'><em>qua</em></span> <span class='ocrx_word' id='word_1_128' title='bbox 978 1452 1094 1490; x_wconf 91' lang='lat' dir='ltr'><em>modo</em></span> <span class='ocrx_word' id='word_1_129' title='bbox 1123 1452 1313 1503; x_wconf 83' lang='lat' dir='ltr'><em>diximus,</em></span> <span class='ocrx_word' id='word_1_130' title='bbox 1351 1465 1449 1492; x_wconf 91' lang='lat' dir='ltr'><em>uon</em></span> 
     </span>
     <span class='ocr_line' id='line_1_18' title="bbox 169 1520 1449 1572; baseline 0.001 -12"><span class='ocrx_word' id='word_1_131' title='bbox 169 1521 369 1560; x_wconf 84' lang='lat' dir='ltr'><em>indicavit.</em></span> <span class='ocrx_word' id='word_1_132' title='bbox 405 1522 463 1560; x_wconf 89' lang='lat' dir='ltr'><em>Ne</em></span> <span class='ocrx_word' id='word_1_133' title='bbox 488 1520 528 1559; x_wconf 91' lang='lat' dir='ltr'><em>in</em></span> <span class='ocrx_word' id='word_1_134' title='bbox 547 1520 827 1560; x_wconf 83' lang='lat' dir='ltr'><em>recentioribus</em></span> <span class='ocrx_word' id='word_1_135' title='bbox 853 1520 1009 1570; x_wconf 89' lang='lat' dir='ltr'><em>quidem</em></span> <span class='ocrx_word' id='word_1_136' title='bbox 1026 1521 1171 1570; x_wconf 88' lang='lat' dir='ltr'><em>linguis</em></span> <span class='ocrx_word' id='word_1_137' title='bbox 1200 1522 1269 1572; x_wconf 86' lang='lat' dir='ltr'><em>eis,</em></span> <span class='ocrx_word' id='word_1_138' title='bbox 1291 1522 1331 1561; x_wconf 90' lang='lat' dir='ltr'><em>in</em></span> <span class='ocrx_word' id='word_1_139' title='bbox 1351 1535 1449 1572; x_wconf 84' lang='lat' dir='ltr'><em>quas</em></span> 
     </span>
     <span class='ocr_line' id='line_1_19' title="bbox 171 1590 1447 1642; baseline 0.002 -14"><span class='ocrx_word' id='word_1_140' title='bbox 171 1591 455 1642; x_wconf 73' lang='lat' dir='ltr'><em>transponendi</em></span> <span class='ocrx_word' id='word_1_141' title='bbox 481 1590 642 1629; x_wconf 85' lang='lat' dir='ltr'><em>verbum</em></span> <span class='ocrx_word' id='word_1_142' title='bbox 670 1602 897 1639; x_wconf 88' lang='lat' dir='ltr'><em>quocunque</em></span> <span class='ocrx_word' id='word_1_143' title='bbox 924 1590 1040 1629; x_wconf 91' lang='lat' dir='ltr'><em>modo</em></span> <span class='ocrx_word' id='word_1_144' title='bbox 1070 1594 1256 1630; x_wconf 87' lang='lat' dir='ltr'><em>mutatum</em></span> <span class='ocrx_word' id='word_1_145' title='bbox 1281 1591 1447 1642; x_wconf 85' lang='lat' dir='ltr'><em>transiit,</em></span> 
     </span>
     <span class='ocr_line' id='line_1_20' title="bbox 170 1659 1447 1716; baseline 0.002 -19"><span class='ocrx_word' id='word_1_146' title='bbox 170 1659 374 1698; x_wconf 84' lang='lat' dir='ltr'><em>traiciendi</em></span> <span class='ocrx_word' id='word_1_147' title='bbox 389 1659 712 1716; x_wconf 82' lang='lat' dir='ltr'><em>significationem</em></span> <span class='ocrx_word' id='word_1_148' title='bbox 728 1659 899 1698; x_wconf 87' lang='lat' dir='ltr'><em>continet</em></span> <span class='ocrx_word' id='word_1_149' title='bbox 912 1671 1036 1708; x_wconf 87' lang='lat' dir='ltr'><em>neque</em></span> <span class='ocrx_word' id='word_1_150' title='bbox 1049 1659 1178 1698; x_wconf 86' lang='lat' dir='ltr'><em>italice</em></span> <span class='ocrx_word' id='word_1_151' title='bbox 1198 1667 1408 1712; x_wconf 80' lang='lat' dir='ltr'><em>trapporre</em></span> <span class='ocrx_word' id='word_1_152' title='bbox 1417 1661 1447 1711; x_wconf 87' lang='grc'><em>1)</em></span> 
     </span>
     <span class='ocr_line' id='line_1_21' title="bbox 169 1727 1447 1781; baseline 0.002 -15"><span class='ocrx_word' id='word_1_153' title='bbox 169 1739 294 1777; x_wconf 86' lang='lat' dir='ltr'><em>neque</em></span> <span class='ocrx_word' id='word_1_154' title='bbox 322 1727 525 1779; x_wconf 81' lang='lat' dir='ltr'><em>hispanice</em></span> <span class='ocrx_word' id='word_1_155' title='bbox 553 1728 797 1780; x_wconf 79' lang='lat' dir='ltr'><em>traspone&#39;r1)</em></span> <span class='ocrx_word' id='word_1_156' title='bbox 827 1740 953 1777; x_wconf 89' lang='lat' dir='ltr'><em>neque</em></span> <span class='ocrx_word' id='word_1_157' title='bbox 980 1728 1184 1768; x_wconf 84' lang='lat' dir='ltr'><em>lusitanice</em></span> <span class='ocrx_word' id='word_1_158' title='bbox 1221 1734 1407 1781; x_wconf 76' lang='lat' dir='ltr'><em>transpor</em></span> <span class='ocrx_word' id='word_1_159' title='bbox 1416 1729 1447 1780; x_wconf 87' lang='lat'><em>1)</em></span> 
     </span>
     <span class='ocr_line' id='line_1_22' title="bbox 170 1797 1447 1848; baseline 0 -12"><span class='ocrx_word' id='word_1_160' title='bbox 170 1809 294 1846; x_wconf 89' lang='lat' dir='ltr'><em>neque</em></span> <span class='ocrx_word' id='word_1_161' title='bbox 322 1797 599 1846; x_wconf 79' lang='lat' dir='ltr'><em>francogalliee</em></span> <span class='ocrx_word' id='word_1_162' title='bbox 627 1797 794 1845; x_wconf 87' lang='lat' dir='ltr'><em>denique</em></span> <span class='ocrx_word' id='word_1_163' title='bbox 821 1797 1086 1848; x_wconf 80' lang='lat' dir='ltr'><em>transposerl)</em></span> <span class='ocrx_word' id='word_1_164' title='bbox 1116 1801 1154 1836; x_wconf 89' lang='lat' dir='ltr'><em>et</em></span> <span class='ocrx_word' id='word_1_165' title='bbox 1179 1797 1270 1836; x_wconf 91' lang='lat' dir='ltr'><em>inde</em></span> <span class='ocrx_word' id='word_1_166' title='bbox 1293 1798 1447 1847; x_wconf 85' lang='lat' dir='ltr'><em>anglice</em></span> 
     </span>
     <span class='ocr_line' id='line_1_23' title="bbox 170 1865 1446 1918; baseline 0.002 -14"><span class='ocrx_word' id='word_1_167' title='bbox 170 1873 206 1906; x_wconf 85' lang='lat' dir='ltr'><em>to</em></span> <span class='ocrx_word' id='word_1_168' title='bbox 234 1873 438 1918; x_wconf 85' lang='lat' dir='ltr'><em>transpose</em></span> <span class='ocrx_word' id='word_1_169' title='bbox 448 1865 504 1917; x_wconf 71' lang='lat'><em>¹),</em></span> <span class='ocrx_word' id='word_1_170' title='bbox 537 1877 638 1914; x_wconf 87' lang='lat' dir='ltr'><em>quae</em></span> <span class='ocrx_word' id='word_1_171' title='bbox 665 1865 856 1905; x_wconf 86' lang='lat' dir='ltr'><em>voeabula</em></span> <span class='ocrx_word' id='word_1_172' title='bbox 883 1865 1013 1904; x_wconf 83' lang='lat' dir='ltr'><em>omnia</em></span> <span class='ocrx_word' id='word_1_173' title='bbox 1040 1878 1087 1905; x_wconf 85' lang='lat' dir='ltr'><em>ex</em></span> <span class='ocrx_word' id='word_1_174' title='bbox 1116 1866 1205 1916; x_wconf 87' lang='lat' dir='ltr'><em>ipsa</em></span> <span class='ocrx_word' id='word_1_175' title='bbox 1231 1867 1366 1916; x_wconf 81' lang='lat' dir='ltr'><em>lingua</em></span> <span class='ocrx_word' id='word_1_176' title='bbox 1393 1867 1446 1906; x_wconf 91' lang='lat' dir='ltr'><em>la-</em></span> 
     </span>
     <span class='ocr_line' id='line_1_24' title="bbox 169 1932 1446 1985; baseline 0 -11"><span class='ocrx_word' id='word_1_177' title='bbox 169 1936 252 1974; x_wconf 87' lang='lat' dir='ltr'><em>tina</em></span> <span class='ocrx_word' id='word_1_178' title='bbox 288 1939 372 1974; x_wconf 85' lang='lat' dir='ltr'><em>orta</em></span> <span class='ocrx_word' id='word_1_179' title='bbox 408 1947 494 1974; x_wconf 85' lang='lat' dir='ltr'><em>esse</em></span> <span class='ocrx_word' id='word_1_180' title='bbox 532 1934 750 1974; x_wconf 82' lang='lat' dir='ltr'><em>Fridericus</em></span> <span class='ocrx_word' id='word_1_181' title='bbox 777 1934 874 1973; x_wconf 89' lang='lat' dir='ltr'><em>Diez</em></span> <span class='ocrx_word' id='word_1_182' title='bbox 884 1934 915 1985; x_wconf 78' lang='lat'><em>2)</em></span> <span class='ocrx_word' id='word_1_183' title='bbox 945 1934 1086 1973; x_wconf 89' lang='lat' dir='ltr'><em>docuit.</em></span> <span class='ocrx_word' id='word_1_184' title='bbox 1140 1935 1222 1978; x_wconf 87' lang='lat' dir='ltr'><em>Illis</em></span> <span class='ocrx_word' id='word_1_185' title='bbox 1239 1932 1370 1984; x_wconf 74' lang='lat' dir='ltr'><em>‘igitur</em></span> <span class='ocrx_word' id='word_1_186' title='bbox 1397 1936 1446 1975; x_wconf 89' lang='lat' dir='ltr'><em>de</em></span> 
     </span>
     <span class='ocr_line' id='line_1_25' title="bbox 170 2002 1445 2053; baseline -0.001 -10"><span class='ocrx_word' id='word_1_187' title='bbox 170 2004 300 2043; x_wconf 89' lang='lat' dir='ltr'><em>causis</em></span> <span class='ocrx_word' id='word_1_188' title='bbox 327 2004 379 2053; x_wconf 92' lang='lat' dir='ltr'><em>id,</em></span> <span class='ocrx_word' id='word_1_189' title='bbox 410 2004 512 2052; x_wconf 91' lang='lat' dir='ltr'><em>quod</em></span> <span class='ocrx_word' id='word_1_190' title='bbox 540 2015 728 2052; x_wconf 83' lang='lat' dir='ltr'><em>nusquam</em></span> <span class='ocrx_word' id='word_1_191' title='bbox 757 2003 963 2053; x_wconf 88' lang='lat' dir='ltr'><em>invenitur,</em></span> <span class='ocrx_word' id='word_1_192' title='bbox 992 2015 1041 2041; x_wconf 90' lang='lat' dir='ltr'><em>ne</em></span> <span class='ocrx_word' id='word_1_193' title='bbox 1069 2003 1108 2041; x_wconf 93' lang='lat' dir='ltr'><em>in</em></span> <span class='ocrx_word' id='word_1_194' title='bbox 1129 2002 1266 2042; x_wconf 81' lang='lat' dir='ltr'><em>Tacito</em></span> <span class='ocrx_word' id='word_1_195' title='bbox 1290 2004 1445 2052; x_wconf 87' lang='lat' dir='ltr'><em>quidem</em></span> 
     </span>
     <span class='ocr_line' id='line_1_26' title="bbox 170 2071 1447 2122; baseline 0 -11"><span class='ocrx_word' id='word_1_196' title='bbox 170 2072 287 2111; x_wconf 88' lang='lat' dir='ltr'><em>statui</em></span> <span class='ocrx_word' id='word_1_197' title='bbox 317 2084 433 2122; x_wconf 87' lang='lat' dir='ltr'><em>posse</em></span> <span class='ocrx_word' id='word_1_198' title='bbox 461 2072 604 2121; x_wconf 88' lang='lat' dir='ltr'><em>censui,</em></span> <span class='ocrx_word' id='word_1_199' title='bbox 634 2071 703 2110; x_wconf 89' lang='lat' dir='ltr'><em>sed</em></span> <span class='ocrx_word' id='word_1_200' title='bbox 730 2075 886 2121; x_wconf 77' lang='lat' dir='ltr'><em>praeter</em></span> <span class='ocrx_word' id='word_1_201' title='bbox 913 2075 1090 2110; x_wconf 85' lang='lat' dir='ltr'><em>naturam</em></span> <span class='ocrx_word' id='word_1_202' title='bbox 1119 2072 1263 2111; x_wconf 86' lang='lat' dir='ltr'><em>codicis</em></span> <span class='ocrx_word' id='word_1_203' title='bbox 1283 2073 1447 2111; x_wconf 85' lang='lat' dir='ltr'><em>Medicei</em></span> 
     </span>
     <span class='ocr_line' id='line_1_27' title="bbox 169 2140 1444 2191; baseline 0 -11"><span class='ocrx_word' id='word_1_204' title='bbox 169 2145 208 2180; x_wconf 87' lang='lat' dir='ltr'><em>et</em></span> <span class='ocrx_word' id='word_1_205' title='bbox 243 2140 410 2180; x_wconf 86' lang='lat' dir='ltr'><em>indolem</em></span> <span class='ocrx_word' id='word_1_206' title='bbox 445 2140 545 2190; x_wconf 87' lang='lat' dir='ltr'><em>eius,</em></span> <span class='ocrx_word' id='word_1_207' title='bbox 584 2140 648 2189; x_wconf 92' lang='lat' dir='ltr'><em>qui</em></span> <span class='ocrx_word' id='word_1_208' title='bbox 684 2140 792 2178; x_wconf 89' lang='lat' dir='ltr'><em>illum</em></span> <span class='ocrx_word' id='word_1_209' title='bbox 827 2140 1042 2191; x_wconf 85' lang='lat' dir='ltr'><em>rescripsit,</em></span> <span class='ocrx_word' id='word_1_210' title='bbox 1079 2140 1179 2180; x_wconf 89' lang='lat' dir='ltr'><em>foret</em></span> <span class='ocrx_word' id='word_1_211' title='bbox 1214 2141 1444 2180; x_wconf 81' lang='lat' dir='ltr'><em>vocabulum</em></span> 
     </span>
     <span class='ocr_line' id='line_1_28' title="bbox 170 2210 1444 2261; baseline 0.002 -13"><span class='ocrx_word' id='word_1_212' title='bbox 170 2212 410 2261; x_wconf 78' lang='lat' dir='ltr'><em>transposuit</em></span> <span class='ocrx_word' id='word_1_213' title='bbox 436 2221 596 2260; x_wconf 84' lang='lat' dir='ltr'><em>prorsus</em></span> <span class='ocrx_word' id='word_1_214' title='bbox 632 2222 653 2249; x_wconf 89' lang='lat' dir='ltr'><em>e</em></span> <span class='ocrx_word' id='word_1_215' title='bbox 689 2213 871 2249; x_wconf 85' lang='lat' dir='ltr'><em>contextu</em></span> <span class='ocrx_word' id='word_1_216' title='bbox 907 2210 992 2249; x_wconf 88' lang='lat' dir='ltr'><em>eici.</em></span> <span class='ocrx_word' id='word_1_217' title='bbox 1047 2211 1183 2260; x_wconf 84' lang='lat' dir='ltr'><em>Itaque</em></span> <span class='ocrx_word' id='word_1_218' title='bbox 1220 2210 1293 2249; x_wconf 88' lang='lat' dir='ltr'><em>hoc</em></span> <span class='ocrx_word' id='word_1_219' title='bbox 1329 2211 1444 2250; x_wconf 90' lang='lat' dir='ltr'><em>modo</em></span> 
     </span>
     <span class='ocr_line' id='line_1_29' title="bbox 168 2279 1446 2331; baseline 0.002 -14"><span class='ocrx_word' id='word_1_220' title='bbox 168 2279 376 2319; x_wconf 87' lang='lat' dir='ltr'><em>verisimile</em></span> <span class='ocrx_word' id='word_1_221' title='bbox 404 2283 464 2318; x_wconf 87' lang='lat' dir='ltr'><em>est</em></span> <span class='ocrx_word' id='word_1_222' title='bbox 492 2282 737 2331; x_wconf 78' lang='lat' dir='ltr'><em>transposuit</em></span> <span class='ocrx_word' id='word_1_223' title='bbox 760 2279 991 2318; x_wconf 83' lang='lat' dir='ltr'><em>vocabulum</em></span> <span class='ocrx_word' id='word_1_224' title='bbox 1015 2284 1139 2318; x_wconf 86' lang='lat' dir='ltr'><em>ortum</em></span> <span class='ocrx_word' id='word_1_225' title='bbox 1157 2291 1256 2330; x_wconf 85' lang='lat' dir='ltr'><em>esse,</em></span> <span class='ocrx_word' id='word_1_226' title='bbox 1284 2285 1327 2318; x_wconf 90' lang='lat' dir='ltr'><em>ut</em></span> <span class='ocrx_word' id='word_1_227' title='bbox 1344 2280 1446 2320; x_wconf 89' lang='lat' dir='ltr'><em>inter</em></span> 
     </span>
     <span class='ocr_line' id='line_1_30' title="bbox 168 2348 1446 2400; baseline 0.001 -14"><span class='ocrx_word' id='word_1_228' title='bbox 168 2355 278 2387; x_wconf 82' lang='lat' dir='ltr'><em>tra-ns</em></span> <span class='ocrx_word' id='word_1_229' title='bbox 311 2352 349 2387; x_wconf 87' lang='lat' dir='ltr'><em>et</em></span> <span class='ocrx_word' id='word_1_230' title='bbox 380 2350 534 2400; x_wconf 84' lang='lat' dir='ltr'><em>posuit,</em></span> <span class='ocrx_word' id='word_1_231' title='bbox 573 2348 658 2386; x_wconf 87' lang='lat' dir='ltr'><em>eius</em></span> <span class='ocrx_word' id='word_1_232' title='bbox 694 2352 846 2398; x_wconf 82' lang='lat' dir='ltr'><em>partes,</em></span> <span class='ocrx_word' id='word_1_233' title='bbox 883 2349 1075 2387; x_wconf 85' lang='lat' dir='ltr'><em>vocabula</em></span> <span class='ocrx_word' id='word_1_234' title='bbox 1107 2348 1298 2397; x_wconf 87' lang='lat' dir='ltr'><em>quaedam</em></span> <span class='ocrx_word' id='word_1_235' title='bbox 1330 2349 1446 2388; x_wconf 84' lang='lat' dir='ltr'><em>inter—</em></span> 
     </span>
    </p>
   </div>
   <div class='ocr_carea' id='block_1_3' title="bbox 171 2430 422 2434">
    <p class='ocr_par' dir='ltr' id='par_1_3' title="bbox 171 2430 422 2434">
     <span class='ocr_line' id='line_1_31' title="bbox 171 2430 422 2434; baseline 0 0"><span class='ocrx_word' id='word_1_236' title='bbox 171 2430 422 2434; x_wconf 95' lang='lat' dir='ltr'><em> </em></span> 
     </span>
    </p>
   </div>
   <div class='ocr_carea' id='block_1_4' title="bbox 297 2464 1445 2558">
    <p class='ocr_par' dir='ltr' id='par_1_4' title="bbox 297 2464 1445 2558">
     <span class='ocr_line' id='line_1_32' title="bbox 300 2464 469 2483; baseline 0 -11"><span class='ocrx_word' id='word_1_237' title='bbox 300 2466 310 2483; x_wconf 73' lang='lat'><em>,</em></span> <span class='ocrx_word' id='word_1_238' title='bbox 461 2464 469 2472; x_wconf 90' lang='lat'><strong><em>.</em></strong></span> 
     </span>
     <span class='ocr_line' id='line_1_33' title="bbox 297 2464 1445 2558; baseline 0.001 -10"><span class='ocrx_word' id='word_1_239' title='bbox 297 2464 325 2558; x_wconf 58' lang='grc' dir='ltr'><em>’ζ</em></span> <span class='ocrx_word' id='word_1_240' title='bbox 347 2465 643 2558; x_wconf 45' lang='grc' dir='ltr'><em>ἒῒὲῗέἵέὲίεοὴοε</em></span> <span class='ocrx_word' id='word_1_241' title='bbox 671 2515 884 2549; x_wconf 68' lang='grc' dir='ltr'><em>ννόιτεὼιιοῐι</em></span> <span class='ocrx_word' id='word_1_242' title='bbox 914 2517 976 2549; x_wconf 85' lang='lat' dir='ltr'><em>der</em></span> <span class='ocrx_word' id='word_1_243' title='bbox 1004 2516 1236 2549; x_wconf 81' lang='lat' dir='ltr'><em>romanischeu</em></span> <span class='ocrx_word' id='word_1_244' title='bbox 1268 2517 1445 2558; x_wconf 85' lang='lat' dir='ltr'><em>sprachen.</em></span> 
     </span>
    </p>
   </div>
   <div class='ocr_carea' id='block_1_5' title="bbox 169 2570 1253 2656">
    <p class='ocr_par' dir='ltr' id='par_1_5' title="bbox 169 2570 1253 2656">
     <span class='ocr_line' id='line_1_34' title="bbox 169 2570 740 2613; baseline -0.002 -10"><span class='ocrx_word' id='word_1_245' title='bbox 169 2571 192 2603; x_wconf 91' lang='grc' dir='ltr'><em>Ι.</em></span> <span class='ocrx_word' id='word_1_246' title='bbox 216 2570 311 2603; x_wconf 90' lang='lat' dir='ltr'><em>Bouu</em></span> <span class='ocrx_word' id='word_1_247' title='bbox 337 2570 430 2604; x_wconf 88' lang='lat'><strong>1861.</strong></span> <span class='ocrx_word' id='word_1_248' title='bbox 455 2580 480 2604; x_wconf 87' lang='lat' dir='ltr'><em>s.</em></span> <span class='ocrx_word' id='word_1_249' title='bbox 505 2580 537 2603; x_wconf 91' lang='lat' dir='ltr'><em>v.</em></span> <span class='ocrx_word' id='word_1_250' title='bbox 558 2577 740 2613; x_wconf 68' lang='lat' dir='ltr'><em>pausare.⁴</em></span> 
     </span>
     <span class='ocr_line' id='line_1_35' title="bbox 304 2622 1253 2656; baseline -0.002 2"><span class='ocrx_word' id='word_1_251' title='bbox 304 2622 309 2626; x_wconf 72' lang='grc'><strong>”</strong></span> <span class='ocrx_word' id='word_1_252' title='bbox 1232 2626 1253 2656; x_wconf 84' lang='grc'>5</span> 
     </span>
    </p>
   </div>
  </div>
 </body>
</html>
