1693 2981
715 275 915 313 -50-

181 391 384 430 stitutione*
407 392 553 443 incipit
590 394 628 429 et
654 390 781 429 Reinii
815 389 864 429 de
900 390 983 430 iure
1011 392 1270 431 Romanorum
1305 392 1457 443 privato

181 459 361 509 librum¹)
391 473 428 509 p.
445 460 520 498 377
537 461 623 498 ‘cler
650 461 888 499 wesentliche
916 461 1044 498 inhalt
1073 462 1140 500 des
1168 468 1384 501 testamenta
1407 464 1460 501 ist

183 530 246 567 die
285 542 509 581 ernennuny
546 530 648 568 eines
686 529 800 567 erbe-n
827 532 865 567 et
893 541 929 579 p.
959 528 1036 567 379
1063 544 1111 568 zu
1141 531 1227 569 dem
1255 537 1458 571 unwesent-

182 599 308 637 lichen
338 599 464 637 inhalt
493 600 559 638 des
588 605 803 638 testaments
831 600 964 651 qeh'o'rt
991 613 1060 638 vor
1086 600 1191 638 allen
1213 601 1364 639 andem
1385 602 1459 640 dae

181 669 362 719 teyatum.
418 668 505 706 Duo
541 667 610 705 illa
644 667 762 716 igitur
791 671 829 706 et
854 667 937 706 iure
965 667 1064 707 inter
1092 679 1133 706 se
1162 668 1342 719 opposita
1370 674 1458 708 sunt

181 741 231 787 et,
262 737 295 775 si
322 737 378 775 ita
406 741 448 775 ut
475 737 659 787 proposui
693 730 962 787 distinguitur,
997 737 1127 776 verbis
1161 737 1305 788 Taciti,
1344 750 1457 788 quem

180 806 267 856 ipso
296 806 462 854 Augusti
499 809 731 844 testamento
767 806 841 843 hoe
875 805 960 844 loeo
996 817 1105 844 usum
1134 818 1221 845 esse
1248 806 1457 845 verisimile

180 875 294 922 est2).
351 875 394 912 In
434 874 513 913 alia
550 886 641 913 vero
681 887 728 913 ea
765 886 864 923 quae
898 875 1060 923 vulgata
1093 879 1152 913 est
1194 874 1458 925 distinguendi

179 943 329 983 ratione
366 956 443 982 non
484 943 646 983 heredes
684 948 723 983 et
760 944 908 994 legata,
950 944 1018 983 sed
1057 943 1234 984 Tiberius
1271 944 1456 994 Liviaque

179 1014 342 1053 heredes
371 1017 409 1052 et
437 1013 505 1051 alii
532 1013 572 1051 in
602 1025 710 1063 spem
740 1013 950 1052 secundam
969 1013 1159 1063 tertioque
1180 1013 1303 1062 gradu
1323 1014 1457 1065 scripti

180 1082 349 1133 oppositi
392 1086 492 1121 sunt.
556 1082 601 1120 Id
645 1082 679 1120 si
715 1081 847 1131 voluit,
876 1082 1031 1122 heredes
1062 1084 1282 1134 primos
1322 1084 1457 1121 habuit

178 1152 347 1191 seribere
385 1151 561 1190 Tacitum
598 1151 838 1201 opportebat.
894 1150 938 1189 Id
981 1150 1084 1199 quod
1125 1163 1201 1189 non
1245 1152 1455 1202 scripserit,

180 1220 468 1271 Nipperdeyum
497 1220 675 1258 nimirum
706 1219 878 1269 offendit,
908 1219 1051 1269 quippe
1079 1220 1143 1269 qui
1172 1220 1269 1259 haee
1296 1221 1455 1259 adnota-

179 1289 297 1327 verit:
338 1290 493 1327 heredes
532 1289 679 1328 heiezen
714 1289 871 1339 einfach
906 1288 992 1327 Tib.
1022 1290 1105 1327 und
1133 1290 1269 1339 Livia,
1310 1291 1457 1330 obwohl

178 1361 246 1407 sie,
277 1360 347 1396 wie
378 1359 451 1396 das
470 1358 575 1409 foly.
604 1359 721 1408 zeiqt,
754 1358 909 1395 heredes
932 1359 1061 1408 primi
1088 1372 1236 1408 waren,
1266 1360 1355 1396 weil
1381 1360 1461 1410 auf

179 1429 235 1465 sie
270 1427 331 1465 ale
368 1428 431 1464 die
470 1426 697 1464 wirklichen
726 1425 839 1463 erben
866 1426 1065 1476 yerecbnet
1092 1440 1176 1463 war
1203 1427 1285 1464 und
1312 1428 1368 1466 sie
1396 1427 1456 1466 als

178 1496 303 1534 solo-he
332 1497 533 1532 eintraten.
590 1493 866 1541 Distinguendi
894 1506 918 1531 a
946 1505 1006 1533 me
1035 1493 1127 1532 data
1160 1494 1309 1533 ratione
1345 1507 1455 1533 aceu-

180 1563 346 1602 sativum
367 1564 495 1614 leqata
516 1562 566 1601 ab
584 1561 719 1601 eodem
736 1573 810 1611 quo
839 1562 1040 1600 Tiberium
1060 1569 1094 1601 et
1118 1563 1274 1602 Liviam
1300 1564 1455 1608 heredes

180 1632 400 1681 dependere
443 1632 599 1681 (habuit
637 1630 795 1668 verbum
835 1630 960 1680 dieo),
1002 1631 1174 1669 subiecto
1211 1631 1454 1670 substantivo

180 1706 452 1749 testamentum,
483 1699 548 1737 vix
577 1703 637 1738 est
663 1699 764 1747 quod
794 1698 949 1737 addam.

587 1852 714 1893 Ann-
741 1851 772 1894 l.
800 1851 886 1893 1v.
915 1862 955 1893 ο.
984 1852 1057 1893 15.

308 1949 351 1985 In
395 1949 493 1985 Ann.
534 1947 556 1984 l.
593 1947 658 1984 IV.
702 1959 734 1984 e.
780 1946 829 1984 15
866 1946 1056 1985 editiones
1099 1947 1255 1996 Haasii,
1300 1947 1454 1997 Baiteri,

182 2016 432 2067 Nipperdeyi,
462 2015 611 2064 Ritteri,
642 2014 785 2053 Halmii
815 2014 870 2053 sic
899 2014 1120 2053 distinctum
1150 2014 1309 2056 habent:

370 2088 428 2124 ita
471 2100 706 2137 quamquam
747 2099 844 2124 novo
887 2086 1035 2124 homini
1072 2088 1287 2124 censorium
1312 2087 1455 2137 funus,

370 2155 532 2206 effigiem
565 2155 677 2205 apud
705 2154 847 2205 forum
884 2153 1052 2205 Auyusti
1086 2154 1250 2205 publiea
1285 2156 1457 2206 pecunia

364 2230 503 2275 patres
540 2223 758 2273 decrevere,
795 2223 907 2273 apud
941 2237 1033 2273 quoe
1067 2224 1184 2261 etiam
1211 2230 1291 2262 tum
1319 2230 1456 2262 cuncta

373 2292 654 2341 tractabantur,
684 2292 783 2330 adeo
811 2298 853 2329 ut
880 2304 909 2329 e.
939 2305 973 2343 q.
1001 2306 1031 2331 ε.

312 2429 336 2470 ι)
358 2428 454 2468 Rein,
485 2428 548 2460 das
581 2426 747 2461 rtimische
781 2426 991 2467 privatrecht
1009 2427 1093 2459 ‘und
1127 2428 1187 2460 der
1220 2427 1454 2468 eivilprozesz.

179 2482 323 2523 Leipzig
347 2481 441 2513 1836.
924 2520 927 2522 Β

308 2533 335 2575 ²)
358 2544 389 2565 v.
416 2533 669 2565 Boetticherum
693 2532 724 2564 in
747 2532 873 2565 Lexieo
896 2532 1038 2565 Taciteo
1062 2542 1095 2573 p.
1120 2532 1228 2565 XXII.
