1693 2981
763 298 984 336 —12-⁴

226 408 436 460 editiones;
473 410 573 450 Ann.
609 412 706 463 XII,
746 414 814 464 68,
855 413 880 451 5
919 415 1051 454 dolore
1084 419 1189 455 vieta
1225 418 1344 468 Med„
1380 420 1511 458 dolore

226 480 351 517 evicta
388 479 586 518 Heinsius.
650 481 801 527 Quibus
839 482 981 521 similia
1010 488 1100 523 sunt
1134 475 1248 525 haec-2
1285 488 1372 526 A'nn
1400 488 1510 538 XIII,

228 547 289 597 14,
321 547 371 586 15
399 548 589 588 indebilis
617 549 735 589 habet
764 552 879 601 Med„
919 553 1010 591 inde
1039 554 1196 593 debilis
1232 567 1304 594 em.
1333 556 1510 606 Lipsius3

226 616 326 654 Ann.
355 615 430 665 ΙΠ,
473 616 544 667 71,
586 618 633 656 12
670 621 888 660 incessisset
916 627 958 660 ut
986 620 1105 672 Med.,
1143 624 1360 664 incessisset
1392 632 1435 664 et
1469 633 1512 665 ut

227 689 424 740 Halmius;
453 691 554 729 Ann.
583 690 654 739 ΙΠ,
683 689 753 739 24,
794 690 840 728 11
872 692 981 729 tendi
1008 691 1121 742 Med„
1150 694 1311 731 tetendi
1337 694 1511 743 Ernesti3

226 759 327 797 Ann.
344 760 415 809 111,
445 760 508 810 62,
537 759 587 797 14
608 759 733 797 tribus
761 759 936 798 delubris
957 759 1070 810 Med„
1100 761 1226 800 tribus
1251 762 1307 800 de
1337 763 1512 802 delubris

226 841 299 868 em.
329 828 632 878 Bezzenberger.
688 829 896 877 Nunquam
936 833 1038 868 certe
1067 830 1375 870 emendationem
1404 831 1511 870 illam

226 909 352 947 neque
381 897 673 947 excogitaturus
711 897 872 935 fuissem
910 909 1035 946 neque
1073 898 1113 936 in
1150 899 1347 949 publicum
1383 900 1510 950 prola-

227 971 354 1018 turus,
393 967 428 1006 si
456 966 551 1006 ordo
579 966 858 1006 vocabulorum
887 966 926 1005 in
954 967 1053 1006 libro
1083 968 1226 1018 scripto
1256 968 1317 1008 hic
1344 968 1510 1008 traditus

227 1040 332 1076 esset
364 1051 390 1075 a
422 1037 617 1088 Philippo
652 1037 867 1074 Macedone
902 1038 1041 1074 sitam:
1082 1036 1179 1075 nihil
1213 1037 1321 1076 aliud
1362 1038 1439 1077 nisi
1476 1039 1511 1077 is
1574 1060 1583 1064 -

227 1105 294 1155 qui
321 1117 425 1144 nune
454 1109 514 1145 est
538 1104 814 1144 vocabulorum
834 1104 928 1143 ordo
946 1109 988 1143 ut
1007 1105 1219 1154 cogitarem
1239 1107 1288 1146 de
1308 1120 1356 1146 ea
1373 1108 1510 1158 effecit,

228 1186 344 1222 quam
373 1186 508 1213 veram
537 1185 624 1212 esse
653 1184 726 1211 usu
754 1173 881 1221 qualis
910 1173 1017 1223 apud
1037 1174 1215 1212 Tacitum
1244 1179 1304 1213 est
1331 1176 1529 1222 vocabuli*

227 1245 327 1282 situs
355 1242 576 1282 accuratius
605 1242 812 1281 observato
841 1242 956 1281 valde
983 1242 1168 1282 firmatur.

629 1369 757 1411 Anu.
784 1368 815 1411 1.
843 1369 927 1412 11.
957 1380 998 1412 o.
1027 1370 1109 1413 23.

357 1458 418 1495 De
447 1456 693 1495 contentione
711 1455 873 1493 Tacitus
893 1455 986 1494 dicit
1013 1456 1052 1493 in
1081 1459 1219 1494 senatu
1247 1460 1394 1506 exorta,
1424 1468 1509 1494 cum

228 1526 418 1578 primores
448 1519 599 1565 Galliae
628 1525 813 1565 Comatae
840 1525 919 1564 iam
954 1530 1044 1565 ante
1081 1525 1194 1577 illud,
1233 1538 1308 1576 quo
1336 1531 1513 1566 versatur

228 1608 291 1635 res
319 1600 511 1646 tempore,
540 1595 735 1634 civitatem
764 1596 978 1633 Romanam
1015 1595 1183 1634 assecuti
1211 1595 1328 1634 etiam
1356 1595 1418 1633 ius
1446 1596 1511 1634 ad-

229 1664 517 1716 ipiscendorum
546 1664 586 1702 in
615 1664 710 1703 urbe
729 1663 918 1702 honorum
938 1664 1229 1714 expetivissent.
1268 1666 1378 1703 Tunc
1396 1664 1514 1714 igitur

229 1738 383 1785 praeter
410 1734 490 1773 alia
516 1733 590 1772 hoc
618 1745 791 1783 quoque,
821 1737 863 1771 ut
890 1733 1014 1783 ipsius
1043 1733 1131 1772 libri
1159 1733 1323 1772 Medicei
1352 1733 1511 1784 scriptu-

229 1817 312 1844 ram
342 1815 567 1853 sequamur,
597 1806 732 1842 contra
759 1802 863 1842 dicta
890 1814 977 1841 esse
1006 1806 1156 1842 narrat:

422 1888 476 1912 an
506 1887 656 1924 parum
693 1873 796 1924 quod
842 1873 973 1911 Veneti
1005 1878 1039 1911 et
1065 1873 1248 1912 Insubres
1276 1875 1429 1911 curiam
1457 1876 1513 1912 in-

422 1944 623 1993 ruperint,
653 1944 733 1981 nisi
752 1948 877 1981 coetus
897 1942 1210 1993 alieniqenarum
1237 1943 1338 1980 velut
1367 1945 1512 1994 capti-

424 2013 554 2051 vitas
582 2012 810 2064 inferatur?

362 2082 421 2120 Ea
447 2081 487 2120 in
516 2081 710 2132 scriptura
737 2080 905 2120 editores
933 2080 1159 2131 plerumque
1179 2080 1457 2129 acquieverunt
1476 2086 1515 2120 et

232 2163 300 2190 eos
329 2155 486 2190 secutus
515 2151 632 2189 etiam
661 2150 967 2201 Monfaleonus1)
1003 2150 1042 2188 in
1070 2150 1168 2188 libro
1198 2150 1246 2188 de
1274 2154 1415 2200 aenea,
1452 2151 1514 2189 cui

232 2221 355 2260 oratio
394 2220 547 2259 Claudii
587 2219 832 2270 imperatoris
874 2218 999 2257 incisa
1039 2223 1116 2268 est,
1159 2219 1293 2258 tabula
1333 2220 1516 2269 Lugduni

234 2294 391 2330 servata
419 2289 545 2340 edito,
581 2289 648 2328 ubi
674 2289 821 2338 locum,
858 2288 907 2327 de
936 2300 1011 2336 quo
1040 2288 1209 2338 agimus,
1237 2288 1364 2339 patrio
1391 2289 1515 2339 ipsius

233 2371 410 2399 sermone
433 2359 490 2397 sic
512 2359 788 2408 interpretatus
809 2362 869 2397 est
879 2357 930 2408 2);
962 2361 1024 2409 „et
1051 2357 1188 2397 faut-il
1218 2357 1318 2396 donc
1345 2370 1372 2407 y
1399 2358 1514 2397 intro-

345 2437 658 2507 *bmmnographie
683 2464 725 2497 de
748 2464 781 2496 la
803 2463 895 2496 table
919 2464 961 2496 de
979 2463 1106 2496 Claude
1130 2473 1191 2504 par
1212 2463 1292 2495 I.·B.
1315 2463 1515 2497 Monfalcon.

234 2520 287 2553 ed.
305 2521 332 2552 I.
351 2519 462 2561 Lugd.
480 2529 510 2551 a.
524 2519 608 2551 1851
627 2528 660 2559 p.
680 2518 721 2550 18
741 2517 817 2550 adn.
838 2518 866 2549 1.
884 2518 937 2550 ed.
949 2518 991 2550 Π.
1012 2518 1119 2550 Paris.
1140 2527 1169 2549 a.
1184 2517 1265 2549 1853
1285 2527 1317 2558 p.
1330 2517 1371 2549 29
1395 2517 1471 2549 adn.
1486 2518 1515 2549 1.

363 2572 391 2614 ²)
413 2573 434 2605 l.
458 2582 485 2604 c.
510 2572 562 2604 ed.
586 2572 612 2603 I.
636 2581 669 2613 p.
694 2572 744 2603 18.
768 2571 822 2604 ed.
845 2571 888 2603 11.
911 2581 944 2612 p.
968 2571 1021 2603 29.
