1693 2981
760 336 812 343 ..
841 313 864 353 8
882 298 945 343 ’-

336 430 506 470 Ultimae
533 430 713 470 vocabuli
737 432 874 484 fossos
909 430 1086 481 syllabae
1124 432 1175 472 ab
1212 432 1336 472 altera
1372 443 1492 472 manu

203 537 332 577 littera
359 552 385 577 α
413 538 678 589 superscripta
706 542 786 578 est:
804 511 992 591 sanast)
1048 538 1098 580 Et
1131 540 1254 580 movit
1281 552 1330 579 ea
1357 551 1490 579 conee-

202 611 290 646 tura
316 607 498 658 editores,
527 612 570 647 ut
597 608 718 648 verba
745 607 812 647 illa
839 608 895 648 sio
925 607 1122 648 dederint:
1153 611 1277 661 igitur
1311 616 1396 649 orta
1426 609 1492 648 die

196 683 398 729 proruunt
416 678 592 730 fossas,
623 678 795 718 iniciunt
823 683 958 728 crates,
986 692 1138 718 summa
1165 677 1265 718 valli
1285 684 1490 731 prensant,

201 746 305 794 quod
334 746 490 795 quidem
519 746 740 786 Boettieher
749 748 780 797 ²)
809 759 879 797 per
906 747 1202 797 praegnantium
1230 746 1377 786 dietum
1403 758 1490 787 esse

201 814 370 866 explicat
397 819 623 864 tantumque
651 815 782 855 valere
809 815 891 854 vult
909 820 1096 865 quantum
1118 820 1285 868 „terram
1304 820 1490 867 proruunt

199 884 239 922 in
255 884 384 922 fossas
401 895 546 932 easque
561 884 617 922 ita
633 884 829 934 explent“.
860 886 939 923 Nec
955 884 1194 924 dissimiliter
1209 885 1435 935 Nipperdey
1444 886 1487 935 ³):

202 958 421 1006 „proruunt
445 953 597 1006 fossas.
661 952 727 993 Sie
765 957 934 993 sturzten
970 953 1033 993 die
1068 953 1208 994 wande
1243 953 1310 994 der
1339 954 1487 1004 graben

197 1022 298 1062 nach
325 1035 457 1071 vome,
487 1034 530 1062 so
560 1023 652 1062 dass
682 1022 765 1062 sioh
794 1023 901 1063 diese
930 1023 1102 1063 dadurch
1131 1022 1279 1063 fullten.
1323 1023 1375 1065 da
1403 1036 1482 1063 nun

197 1091 260 1131 die
289 1092 429 1131 wande
458 1091 534 1131 den
563 1092 709 1142 graben
739 1091 870 1131 bilden
899 1093 978 1132 und
1008 1105 1050 1132 er
1078 1092 1178 1132 ohne
1209 1093 1265 1133 sie
1281 1093 1387 1133 nicht
1400 1105 1486 1143 vor-

197 1161 355 1200 handen
384 1161 449 1211 ist,
480 1173 523 1200 so
552 1161 672 1210 kann,
701 1173 784 1200 was
812 1162 883 1200 mit
909 1161 1027 1200 ihnen
1056 1162 1268 1212 gesehieht,
1284 1174 1371 1202 vom
1386 1174 1479 1212 gan·

195 1243 265 1271 zen
305 1231 453 1280 graben
491 1235 706 1280 ausgesagt
739 1231 906 1270 werden.
964 1231 1035 1270 wir
1071 1243 1193 1281 sagen
1225 1233 1281 1271 sie
1315 1238 1484 1272 etizrzten

196 1301 260 1340 die
288 1301 438 1352 yrdben
466 1300 566 1340 (εἰη.ιι
625 1301 676 1339 At
703 1300 868 1351 primum
905 1300 1060 1350 quidem
1098 1313 1175 1339 non
1213 1305 1316 1340 recte
1355 1304 1482 1340 actum

194 1374 264 1419 est,
293 1374 336 1408 ut
364 1382 422 1419 ea,
453 1381 554 1419 quae
581 1369 761 1420 propriae
796 1369 943 1418 ingenii
981 1369 1105 1408 nostri
1141 1369 1360 1419 cogitandi,
1396 1381 1480 1420 pro-

191 1438 300 1489 priae
329 1439 517 1485 sermonis
546 1438 668 1477 nostri
698 1438 852 1477 dicendi
879 1438 1020 1477 rationi
1038 1443 1269 1489 repugnant,
1298 1441 1400 1479 torta
1414 1450 1478 1477 no-

189 1508 337 1547 tionum
366 1507 599 1547 deductione
628 1507 688 1547 usi
715 1507 756 1546 in
794 1507 956 1546 latinum
997 1519 1214 1547 sermonem
1253 1506 1476 1557 inferamus,

190 1578 299 1616 euius
328 1577 483 1625 quidem
514 1577 734 1626 scriptores,
765 1581 805 1614 ut
834 1577 1006 1625 cogitare
1035 1577 1200 1626 discant,
1239 1588 1324 1614 eum
1354 1576 1472 1614 mino-

189 1646 295 1687 ribus
333 1650 427 1686 natu
468 1646 600 1696 legere
642 1646 832 1686 solemus:
874 1646 1066 1686 neminem
1107 1645 1209 1685 enim
1246 1645 1475 1696 optimorum

189 1716 415 1767 scriptorum
446 1716 725 1754 Germanorum
754 1715 942 1754 vocabulo
981 1717 1199 1755 einsturzan
1233 1719 1300 1753 aut
1329 1702 1473 1753 ¹transi-

185 1785 264 1826 tive
293 1789 361 1825 aut
387 1784 633 1825 intransitive
662 1785 710 1825 de
739 1784 855 1825 fossis
885 1785 1032 1825 dixisse
1049 1785 1247 1836 probabile
1274 1789 1344 1824 est.
1374 1785 1472 1823 Tum

185 1867 277 1893 vero
304 1855 389 1904 ipse
418 1854 578 1892 Tacitus
608 1855 767 1892 verbum
790 1856 1014 1906 promendi
1042 1854 1090 1892 de
1120 1854 1176 1893 eis
1198 1858 1346 1892 tantum
1363 1865 1470 1892 usur·

184 1929 263 1976 pat,
293 1933 392 1974 quae
421 1928 488 1963 aut
515 1936 563 1963 ex
591 1923 681 1976 ipsa
708 1928 812 1963 terra
849 1923 1069 1974 prominent
1106 1927 1174 1963 aut
1210 1927 1313 1963 certe
1351 1935 1472 1974 supra

184 2005 270 2033 eam
299 1997 522 2032 cernuntur:
559 1993 763 2031 transitive
793 1993 890 2031 Ann.
920 1993 971 2042 II,
1004 1993 1064 2043 17,
1104 1993 1154 2030 22
1179 1999 1369 2045 prorutae
1407 2007 1468 2031 ar-

184 2064 303 2114 bores,
333 2064 432 2102 Ann.
461 2063 553 2113 XII,
581 2063 647 2114 43,
677 2064 701 2101 2
733 2063 880 2102 crebris
918 2069 1044 2102 terrae
1079 2063 1245 2103 motibus
1279 2069 1469 2115 prorutae

182 2134 330 2181 domus,
359 2134 459 2170 Ann.
489 2133 594 2181 XIV,
625 2133 687 2181 61,
718 2133 742 2169 2
764 2132 909 2183 effiyies
931 2132 1145 2182 Poppaeae
1161 2137 1372 2182 proruunt,
1400 2131 1468 2168 Oc-

180 2203 311 2241 taviae
339 2203 535 2253 imaqines
563 2207 715 2253 gestant
745 2201 928 2250 humeris,
959 2202 1058 2239 Ann.
1087 2200 1173 2250 XV,
1195 2200 1300 2250 40‚2
1323 2214 1466 2252 proru-

180 2273 230 2308 tis
244 2285 321 2321 per
341 2273 558 2309 inmensum
578 2271 789 2319 aedeficiis,
820 2269 919 2306 Hist.
941 2269 971 2313 I,
1002 2269 1064 2317 86,
1097 2270 1147 2306 10
1161 2275 1328 2319 proruto
1347 2275 1465 2319 ponte

178 2339 355 2388 sublicio,
386 2337 433 2377 of.
464 2338 576 2377 Caes.
607 2338 650 2376 B.
681 2336 727 2376 G.
756 2337 826 2383 III,
857 2336 920 2387 26,
950 2337 974 2375 2
1005 2337 1179 2376 celeriter
1193 2338 1249 2376 ad
1263 2351 1340 2387 eas,
1367 2351 1464 2389 quas

310 2477 335 2519 ¹)
358 2487 391 2509 v.
415 2476 537 2509 Ritteri
562 2476 615 2508 ed.
638 2485 671 2516 p.
696 2475 747 2507 41.

307 2532 334 2574 ²)
357 2541 390 2563 v.
414 2531 480 2563 lex.
504 2530 583 2562 Tac.
607 2528 716 2570 praef.
739 2539 772 2570 p.
796 2529 949 2562 LXXVI.

306 2585 332 2628 ³)
355 2585 387 2616 in
413 2584 467 2617 ed.
492 2583 535 2616 ad
557 2583 588 2615 h.
614 2583 633 2614 l.
