1693 2981
773 316 983 354 -40,

237 435 341 485 quod
368 441 516 473 tantum
543 435 729 473 aditurus
757 440 852 473 esset
879 435 999 482 iter,
1035 418 1244 483 Rupertitis
1272 437 1310 471 et
1339 432 1518 471 Baiterus

237 504 342 555 quod
369 509 519 555 tantajm
547 505 564 542 i
572 510 646 542 ter
680 504 865 541 aditurus
892 508 997 541 esset.
1053 502 1194 541 Nescio
1222 513 1350 541 nonne
1377 501 1519 540 lacuna

238 571 423 622 graphice
449 571 615 623 facilius,
645 571 845 623 aptissime
874 583 965 610 vero
984 571 1034 610 ad
1056 571 1174 610 totius
1193 572 1268 611 loei
1288 570 1518 611 sententiam

237 641 311 680 hae
338 641 531 692 scriptura
558 643 662 694 quod
689 648 840 680 tantum
868 640 989 693 quid
1015 641 1200 681 aditurus
1233 648 1328 681 esset
1363 641 1518 692 expleta

237 710 347 750 soret.
404 710 530 757 Quam
564 723 691 750 meam
728 710 829 749 inter
869 710 1075 750 lectionem
1112 714 1151 750 et
1192 710 1290 749 alias
1324 710 1431 760 illas,
1469 710 1518 749 de

237 779 378 828 quibus
414 779 530 818 modo
565 780 668 828 dixi,
711 779 784 818 hoe
826 779 1025 829 paululum
1067 780 1228 819 interest
1261 779 1300 818 in
1334 779 1383 818 iis
1418 791 1517 829 quae

237 848 543 899 subsequuntur,
581 848 703 899 quod,
739 848 772 887 si
806 861 895 888 mea
932 849 1073 899 utaris,
1111 849 1325 888 sententiae
1354 853 1392 888 et
1418 849 1518 889 inter

236 918 443 967 legendum
478 917 587 957 vocis
622 917 684 957 vis
718 918 758 956 in
794 917 870 956 duo
914 918 1106 958 voeabula
1139 920 1311 959 modicos
1344 933 1518 971 cyreneae

236 992 275 1026 et
302 987 469 1026 maxime
497 987 536 1025 in
557 987 630 1026 hoo
654 1001 828 1039 eqressus
855 986 1061 1027 inferenda
1087 993 1158 1038 est,
1187 988 1248 1027 sin
1273 988 1360 1027 aliis
1384 988 1517 1034 utaris,

235 1057 275 1095 in
313 1068 446 1097 unum,
472 1056 704 1095 vocabulum
746 1058 929 1096 modicos.
999 1057 1059 1096 De
1101 1057 1195 1096 vitio
1237 1057 1383 1097 eodieis
1420 1057 1517 1097 haee

237 1126 418 1176 exempla
445 1130 485 1165 et
513 1130 670 1176 praesto
699 1130 737 1165 et
764 1126 962 1176 praesidio
996 1126 1092 1165 mihi
1129 1131 1235 1165 sunt:
1277 1128 1376 1165 Ann.
1411 1128 1516 1177 XVI,

222 1196 299 1246 -19,
318 1196 342 1233 9
368 1202 411 1233 ‘at
438 1209 572 1247 quam
601 1202 735 1234 coacta
763 1207 866 1234 more
895 1186 1014 1234 habet
1031 1195 1145 1245 Med.,
1173 1203 1216 1234 ut
1243 1210 1516 1248 quamquam

236 1266 369 1304 coacta
398 1279 501 1304 more
529 1263 750 1303 emendavit
763 1263 995 1313 Rhenanus3
1024 1265 1290 1315 Ann.111‚54,
1323 1266 1370 1304 13
1399 1268 1515 1317 quia

235 1334 414 1385 sibique
443 1334 720 1372 moderabatur
748 1333 862 1382 Med.,
893 1335 1009 1384 quia
1041 1334 1121 1372 sibe?
1154 1336 1357 1386 quisque
1390 1336 1515 1373 mode-

235 1403 403 1441 rabatur
429 1401 665 1451 Beroaldus,
694 1403 793 1440 Ann.
819 1402 889 1451 III,
913 1402 976 1451 21,
999 1402 1024 1440 6
1051 1403 1223 1454 amplius
1251 1417 1383 1454 quam
1411 1405 1516 1455 yenti

236 1470 349 1521 Med.,
379 1470 546 1521 amplius
576 1486 719 1523 quam
747 1473 982 1523 quingenti
1016 1471 1376 1521 Weissenbornius3
1415 1473 1514 1510 Ann.

234 1540 300 1589 IV,
319 1541 381 1589 74,
415 1540 463 1578 18
494 1541 640 1591 idque
668 1539 781 1590 Med.,
813 1541 857 1579 id
884 1554 1075 1592 quoque
1103 1541 1298 1591 Muretust,
1327 1541 1425 1580 Ann.
1446 1541 1514 1591 XI,

234 1610 269 1660 7,
302 1610 351 1648 12
380 1611 468 1662 qui
496 1615 530 1648 et
558 1624 583 1648 a
612 1609 727 1660 Med.,
765 1611 851 1662 qui
884 1612 1042 1662 quieta
1070 1610 1266 1660 Halmiu83
1301 1611 1400 1650 Ann.
1430 1612 1514 1661 XV,

234 1680 303 1729 72,
342 1680 366 1717 9
403 1681 525 1730 quia
562 1679 682 1728 Med.,
725 1681 811 1730 qui
849 1681 971 1730 quia
1007 1679 1303 1729 Weissenborn,
1341 1681 1388 1718 de
1424 1695 1515 1731 quo

234 1749 358 1799 quia
393 1746 471 1786 alii.

361 1817 444 1854 Iam
473 1828 566 1854 vero
595 1828 712 1854 unum
742 1815 859 1854 etiam
888 1828 989 1854 nune
1013 1816 1098 1854 loeo
1120 1816 1242 1867 deest,
1272 1817 1374 1866 quod
1397 1817 1515 1855 miror

232 1898 257 1924 a
292 1884 446 1923 nemine
480 1884 673 1923 editorum
711 1883 837 1923 adhue
875 1884 1188 1925 animadversum
1227 1898 1332 1937 esse,
1371 1887 1516 1926 seilicet

233 1954 460 1993 subiectum.
496 1954 665 1992 Habebit
690 1954 751 1991 bis
769 1954 998 2004 interposito
1014 1955 1239 2004 pronomine
1267 1970 1318 2005 ee,
1349 1956 1513 2005 primum

232 2026 321 2073 poet
358 2023 517 2062 verbum
553 2023 718 2072 vidisse,
761 2022 900 2061 iterum
941 2028 1031 2062 ante
1073 2024 1302 2063 vocabulum
1340 2032 1512 2066 secretos.

360 2093 495 2141 Itaque
532 2096 655 2131 totum
688 2092 815 2130 locum
851 2092 908 2130 sie
943 2105 967 2131 a
1003 2093 1138 2132 Tacito
1173 2094 1359 2144 scriptum
1393 2095 1513 2133 fuisse

233 2161 399 2200 conicio:

429 2231 597 2269 deseruit
627 2231 832 2281 inceptum,
863 2237 1021 2270 cunctas
1048 2231 1128 2269 sibi
1157 2245 1273 2271 curae
1293 2246 1422 2271 amore
1436 2248 1512 2285 pa-

425 2301 526 2337 triae
554 2299 715 2338 levioree
752 2300 951 2339 dictitans.
1008 2301 1154 2340 vidisse
1189 2312 1241 2343 Ιο
1270 2309 1432 2342 maestos
1461 2304 1511 2340 ci—

423 2369 530 2406 vium
566 2368 715 2417 vultus,
750 2369 893 2407 audire
927 2379 980 2411 Ιο
999 2367 1182 2409 'secretas
1210 2372 1510 2422 quaerimoniae,

425 2438 529 2488 quod
556 2443 707 2475 tantum
735 2436 855 2488 quid
882 2439 1067 2477 aditurus
1094 2445 1198 2488 esset,
1229 2441 1341 2478 cuiue
1369 2454 1414 2478 ne
1437 2455 1511 2479 mo-

426 2507 534 2544 dicos
566 2506 723 2557 quidem
751 2519 924 2556 eqreeeus
944 2507 1160 2557 tolerarent,
1189 2510 1289 2547 sueti
1305 2509 1512 2547 adversum

414 2576 592 2626 fortuita
620 2581 777 2625 aspectu
799 2577 1006 2627 principie
1034 2577 1213 2627 refoveri.
