1693 2981
751 291 963 330 —44-

217 408 357 446 natura
383 406 567 446 librorum
594 407 824 458 scriptorum
851 407 1037 458 opinione
1064 408 1211 447 inducti
1238 408 1346 459 ipsos
1367 408 1492 447 «libros

217 476 418 517 Tacitinos
455 489 637 528 perverse
673 480 904 527 tractemus3
949 490 976 516 n
987 490 1011 517 a
1019 490 1059 517 m
1102 491 1158 517 ca
1167 491 1206 517 m
1243 490 1262 518 s
1271 478 1321 517 in
1332 488 1354 518 e
1389 490 1415 517 u
1424 477 1493 521 ua

216 546 548 585 dubitatione
585 549 791 585 constet
826 546 875 585 in
912 559 950 585 m
962 558 1094 596 agma
1130 559 1209 585 ner
1220 559 1292 586 um
1327 551 1374 586 et
1416 559 1492 586 co-

217 615 529 665 gitationum
559 614 708 666 copia
734 614 898 655 foi-:ma
918 615 1219 666 *plerumq-ue
1247 615 1492 655 uti-:Taci-

216 687 314 723 tum
357 683 687 735 brevissima,
729 688 781 725 ut
807 684 955 752 &aad
995 697 1110 724 raro
1148 684 1494 724 obscuritatis

217 752 439 804 speciem
493 765 615 804 prae
671 765 722 793 se
776 753 948 794 feram
1000 753 1328 804 habeantque
1375 753 1493 793 eius

216 822 391 868 verba:
438 834 534 861 non
584 826 750 861 tamen
795 826 893 873 est,
945 823 1076 872 quod
1128 823 1315 874 omnia,
1367 834 1493 872 quae

216 891 359 931 modo
395 891 561 931 deleri
596 896 835 942 possunt,
873 892 1049 932 delere
1083 892 1233 932 nobis
1260 892 1420 932 liceat
1439 897 1495 931 et

216 960 322 1012 ipsi
355 972 445 1000 nos
479 960 528 999 in
565 972 734 1000 omnes
756 957 829 1000 'ad
858 973 1008 1000 eun-um
1033 961 1177 1000 locos
1204 961 1493 1001 obscurita-

216 1034 312 1070 tem
342 1029 488 1069 illam
522 1029 617 1069 >hoc
644 1029 786 1069 modo
813 1028 1110 1069 inferamus.
1169 1031 1352 1082 „En-ores
1378 1030 1419 1069 in
1446 1041 1493 1069 eo

215 1099 372 1149 negotio
401 1122 451 1127 —
473 1099 530 1138 «de
558 1099 700 1149 glossis
727 1099 985 1149 segregandis
1012 1103 1117 1140 recte
1145 1103 1205 1138 est
1239 1099 1346 1150 apud
1373 1099 1493 1138 Ritte-

216 1181 301 1209 rum
311 1168 342 1220 l)
371 1191 425 1197 —
458 1167 640 1208 facillime
676 1172 714 1208 et
748 1168 980 1208 creberrime
1008 1168 1243 1219 gignuntur,
1287 1168 1320 1207 si
1345 1168 1494 1208 *modus

216 1250 294 1278 non
323 1237 532 1278 adhibetur
559 1250 606 1277 ac
633 1238 736 1277 iusta
763 1237 861 1276 ratio
890 1250 967 1277 non
995 1238 1233 1277 observatur.
1241 1237 1259 1259 ‘¹

346 1307 417 1347 His
444 1307 484 1347 in
513 1305 736 1347 universum
762 1307 969 1358 disputatis
996 1307 1036 1346 in
1060 1307 1130 1358 eis,
1159 1319 1257 1357 quae
1284 1311 1496 1356 sequuntur

217 1376 326 1416 locus
354 1388 376 1416 e
1201 1365 1206 1369 ⁴

724 1444 855 1486 mal.
884 1455 926 1486 ο.
955 1444 989 1487 0

219 1516 446 1566 desumptus
479 1515 719 1556 tractabitur.
762 1515 835 1554 Ibi
872 1514 976 1556 enim
1016 1515 1072 1555 sic
1113 1519 1173 1555 est
1212 1515 1252 1555 in
1295 1515 1495 1555 codicibus

219 1583 400 1624 omnibus
428 1587 478 1634 et,
507 1587 600 1632 quot
628 1582 806 1633 cognovi,
835 1582 1087 1623 editionibus:

412 1656 528 1693 adice
556 1655 659 1705 quod
679 1655 821 1704 poetis,
850 1655 888 1693 ci
915 1655 1028 1693 modo
1057 1655 1221 1705 diqnum
1248 1654 1404 1707 aliquid
1422 1654 1496 1692 ela—

413 1722 551 1761 borare
579 1728 614 1761 et
637 1721 783 1774 ‘efficere
810 1722 938 1772 velint,
976 1722 1231 1775 relinquenda
1260 1723 1497 1760 conversatio

411 1795 629 1832 amicorum
658 1799 693 1831 et
721 1793 948 1832 iucunditas
975 1792 1103 1842 urbis,
1135 1793 1346 1831 deserenda
1374 1798 1497 1830 cetera

413 1862 539 1914 officia
567 1868 619 1913 et,
655 1867 699 1900 ut
732 1862 815 1914 ipsi
851 1862 1004 1912 dicunt,
1041 1862 1086 1900 in
1119 1875 1276 1901 nemora
1309 1856 1344 1900 et
1380 1861 1496 1911 lucos,

413 1932 469 1971 id
497 1938 568 1971 est
596 1933 649 1970 in
675 1931 837 1971 solitu
850 1932 1015 1970 dinem
1046 1932 1299 1971 secedendum
1326 1937 1389 1970 eet.

349 2001 473 2048 Quem
501 2000 628 2043 locum
656 2011 742 2040 cum
769 2000 810 2041 in
837 1999 1072 2051 perficiendo
1100 1999 1174 2040 hoc
1201 2000 1385 2051 opusculo
1419 2000 1496 2039 iam

220 2075 311 2111 ante
348 2071 398 2110 ab
437 2070 616 2121 Adolpho
651 2070 850 2109 Aenotheo
887 2071 1024 2119 Lange
1033 2070 1064 2120 2)
1100 2070 1238 2109 eadem
1275 2082 1389 2119 quam
1423 2082 1498 2118 ego

220 2140 405 2190 intellego
436 2139 570 2189 glossa
597 2141 817 2190 corruptum
837 2138 1048 2178 indicatum
1068 2150 1155 2178 esse
1174 2139 1372 2190 vidissem,
1401 2142 1498 2178 atta·
1511 2160 1515 2164 -

353 2246 377 2289 ¹)
400 2246 478 2279 vide
502 2245 557 2277 ed.
580 2244 673 2285 Lips.
696 2254 730 2285 p.
753 2243 868 2277 XXVI
890 2243 966 2275 adn.
989 2244 1020 2276 2.

350 2300 377 2343 Ξ)
399 2301 433 2332 in
466 2298 749 2333 commentatione
786 2298 852 2339 illa,
882 2307 969 2339 quae
996 2296 1206 2331 inscribitur:
1237 2297 1424 2340 „Dialogus
1455 2297 1498 2330 de

222 2355 415 2388 oratoribus
438 2354 558 2386 Tacito
582 2350 795 2385 vindicatus“
819 2355 855 2384 et
877 2361 965 2392 quae
987 2352 1078 2384 inest
1099 2351 1132 2383 in
1156 2351 1233 2394 „Dr.
1254 2350 1388 2391 Adolph
1401 2350 1498 2383 Gott-

220 2409 278 2442 lob
301 2407 449 2449 Lange's
472 2406 677 2440 vermischte
702 2404 864 2439 schriften
883 2406 952 2437 und
971 2402 1095 2438 reden“
1108 2405 1174 2447 (edx
1188 2403 1295 2437 Jacob
1309 2403 1402 2445 Lips.
1416 2400 1511 2437 1832'

220 2474 254 2505 p,
278 2460 408 2503 1—14).
435 2461 613 2503 Legufitur
630 2460 678 2493 ibi
696 2470 728 2501 p.
749 2459 767 2492 7
791 2459 867 2492 adn.
891 2459 912 2492 5
933 2458 1032 2492 haec:
1056 2458 1221 2504 „Quoties
1241 2458 1274 2490 in
1292 2457 1376 2491 haec
1394 2458 1500 2492 verba

220 2516 333 2557 incidi,
357 2515 462 2548 toties
486 2515 566 2547 mihi
589 2516 633 2548 de
657 2514 881 2556 glossemate,
912 2514 1005 2555 quod
1032 2513 1089 2546 vel
1121 2512 1308 2554 explicandi
1336 2512 1403 2546 ista
1431 2511 1498 2545 for-

222 2570 311 2604 mula
332 2569 457 2612 prodit,
481 2567 579 2602 fuere
599 2564 795 2610 suspecta.“
