1693 2981
774 303 836 326 '—-—
869 298 998 336 11-

252 419 319 467 72,
358 419 403 455 17
439 416 487 454 de
523 414 717 465 Capitolio
758 415 881 453 isdem
916 428 1053 452 rursus
1086 415 1262 464 vestiqiis
1295 415 1414 452 situm
1455 420 1531 462 est;

251 488 349 525 Ann.
388 487 444 534 11,
480 486 521 534 7,
558 485 583 522 9
617 490 777 522 veterem
814 497 929 521 aram
961 483 1093 521 Druso
1126 483 1244 522 sitam
1280 483 1527 531 disiecerant,

249 554 578 605 interpretandum
600 554 685 592 dem
705 553 910 591 andenlcen
939 553 1004 590 cles
1024 553 1193 601 Drusus,
1222 551 1268 589 cf.
1290 551 1528 602 Nipperdeyi

249 624 540 662 adnotationem
576 624 728 661 Druso:
764 622 839 659 den
868 622 930 659 olis
958 621 1147 659 Manibus
1176 622 1392 669 desselben;
1428 620 1526 659 Hist.

249 694 314 744 IV,
344 694 406 743 22,
440 694 487 731 16
516 706 624 743 spem
653 691 963 742 obpugnantium
990 690 1158 741 auyebat
1177 690 1398 740 amplitudo
1416 690 1525 739 valli,

249 764 351 814 quod
382 762 535 799 duabus
564 760 783 811 leyionibus
811 761 929 798 situm
957 761 1026 798 via:
1054 760 1220 810 quinque
1256 759 1368 797 milia
1401 773 1528 797 arma-

248 838 373 870 torum
403 832 667 869 Romanorum
696 830 920 878 tuebantur,
956 827 1289 878 interpretandum
1317 829 1398 880 fiir
1434 830 1528 866 zwei

248 901 423 951 leqionen
451 900 628 950 aiiqeleyt
656 899 716 937 vel
746 900 826 949 auf
848 900 943 936 zwei
970 899 1147 949 legionen
1176 898 1394 946 bereclmet;
1427 898 1526 935 Ann.

248 969 313 1012 VI,
334 969 383 1005 47
416 968 481 1017 (al.
498 968 579 1018 41),
604 969 648 1005 11
682 974 825 1006 ceteras
854 967 978 1016 urbes,
1009 981 1106 1018 quae
1126 967 1410 1006 Macedonibus
1428 968 1527 1005 sitae

251 1038 405 1076 Graeca
433 1038 621 1076 vocabula
649 1044 854 1088 usurpant,
884 1035 1215 1086 interpretandum
1235 1037 1317 1088 fiir
1347 1036 1411 1074 die
1439 1036 1524 1074 Ma-

248 1108 426 1145 cedonier
454 1107 630 1158 anyeleyt
665 1106 727 1145 vel
765 1108 821 1144 im
854 1108 1035 1145 interesse
1072 1107 1142 1144 der
1169 1106 1424 1144 Macedonier
1458 1120 1524 1143 an-

246 1177 370 1228 qeleyt
398 1177 458 1215 vel
489 1175 632 1227 optime
669 1175 835 1226 denique
872 1190 948 1214 nur
985 1176 1041 1214 im
1075 1177 1256 1215 interesse
1292 1176 1363 1214 cler
1398 1175 1525 1214 Mace-

248 1247 385 1283 donier
413 1246 599 1296 anqeleyt.
654 1245 893 1283 Vocabulum
922 1245 1205 1284 Macedonibus
1234 1245 1337 1283 enim
1366 1257 1411 1283 eo
1439 1245 1525 1283 loco

231 1306 378 1351 ¹dativo
408 1326 500 1351 casu
530 1314 674 1352 dictum
704 1313 1007 1363 intellegendum
1044 1324 1131 1351 esse
1165 1317 1334 1352 constat:
1372 1326 1463 1351 nam
1493 1313 1527 1351 si

246 1382 458 1420 ablativum
489 1394 576 1421 esse
601 1383 763 1421 Tacitus
793 1382 991 1432 voluisset,
1020 1397 1046 1420 a
1062 1383 1346 1421 Macedo-nibus
1365 1387 1407 1420 ut
1427 1383 1526 1420 Anu.

245 1452 313 1501 ΙΙΙ,
345 1452 407 1502 38,
437 1452 488 1490 20
518 1467 543 1490 a
566 1453 780 1491 Macedone
803 1452 997 1503 Philippo
1021 1474 1072 1479 —
1097 1451 1170 1502 sin,
1199 1451 1242 1490 id
1270 1450 1372 1500 quod
1396 1455 1526 1490 tamen

245 1521 348 1559 haud
377 1521 579 1570 probabile
609 1526 679 1570 est,
708 1521 843 1571 populi
871 1533 1012 1559 nomen
1042 1524 1110 1571 p‘ro
1139 1521 1295 1559 nomine
1323 1525 1447 1560 terrae
1470 1520 1525 1559 di-

245 1602 330 1629 cere
359 1589 481 1628 voluit
508 1592 552 1629 in
575 1591 859 1630 Macedonibus
886 1589 991 1629 haud
1020 1590 1138 1629 dubie
1167 1590 1413 1629 scribendum
1442 1594 1526 1629 erat

244 1663 285 1696 ut
313 1659 453 1697 dicitur
483 1662 533 1698 in
561 1659 707 1710 Aequis
737 1660 935 1708 habitare,
974 1662 1025 1698 in
1052 1660 1215 1699 Sabinis
1245 1661 1434 1710 hiemare,
1472 1663 1525 1699 in

244 1729 420 1767 Bruttios
450 1730 523 1778 ire,
562 1742 618 1766 ew
654 1728 849 1779 Sequanis
882 1729 1091 1766 exercitum
1119 1730 1279 1766 educere
1291 1728 1332 1779 ¹).
1389 1729 1524 1777 Itaque

244 1796 394 1834 conicio
422 1797 489 1834 illo
518 1796 567 1835 de
597 1809 672 1845 quo
700 1797 853 1845 agimus
881 1797 966 1835 loco
996 1797 1188 1846 syllabam
1221 1813 1277 1848 po
1312 1797 1421 1836 verbi
1450 1812 1523 1849 po-

243 1866 361 1903 sitam
408 1864 608 1903 voeabulis
650 1865 974 1914 praecedentibus
1019 1865 1218 1915 „philippo
1260 1866 1405 1915 polim“
1451 1866 1524 1915 (ita

243 1934 344 1972 enim
373 1938 433 1972 est
460 1933 499 1971 in
528 1933 626 1971 libro
654 1933 829 1972 Mediceo
841 1933 895 1984 ²))
926 1937 964 1971 et
991 1933 1064 1971 hoc
1092 1933 1195 1981 quod
1217 1934 1393 1984 proxime
1416 1939 1522 1973 ante-

243 2002 345 2041 cedit
363 2003 557 2053 Philippo
575 2002 805 2041 exhaustam
824 2002 1000 2052 periisse.
1037 2003 1166 2041 Unum
1184 2002 1365 2051 idemque
1385 2003 1522 2042 vitium

243 2071 282 2108 in
311 2070 371 2108 his
399 2070 488 2108 libri
516 2070 678 2110 Medicei
708 2071 859 2110 inveni:
888 2071 987 2109 Ann.
1009 2071 1115 2121 XIV,
1147 2072 1208 2121 18,
1240 2072 1289 2109 12
1319 2073 1522 2111 concedere

241 2142 404 2192 scripsit
438 2140 555 2179 habet
591 2140 690 2179 Med.
735 2142 937 2181 concedere
977 2143 1182 2193 rescripsit
1222 2154 1295 2181 em.
1332 2141 1522 2191 Haasius3

242 2247 340 2284 Ann.
377 2247 472 2296 XII,
516 2248 588 2297 41,
630 2249 680 2285 14
711 2250 798 2298 fide
830 2206 998 2300 gellitur
1031 2248 1153 2299 Med„
1186 2250 1273 2299 fide
1311 2249 1522 2300 depellitur

373 2404 397 2440 ¹)
420 2403 573 2443 exempla
596 2404 675 2434 sunt
697 2402 858 2443 Madvigii
880 2403 914 2434 in
937 2403 992 2435 Gr.
1008 2404 1045 2435 L.
1062 2406 1080 2441 ξ
1099 2404 1170 2435 192.
1193 2403 1268 2435 adn.
1287 2403 1318 2435 2.
1335 2403 1388 2435 ed.
1405 2404 1519 2436 Germ.

239 2455 287 2487 III
322 2465 350 2487 a.
375 2455 468 2487 1857.

291 2479 299 2495 ’
370 2507 397 2550 ²)
419 2518 451 2540 v.
477 2508 675 2542 collationes
697 2509 826 2541 Baiteri
848 2509 985 2552 (eumve
1009 2509 1117 2543 secuti
1140 2509 1364 2552 Nipperdeyi)
1393 2513 1428 2543 et
1450 2510 1520 2543 Rit-

239 2561 304 2593 teri
327 2561 360 2593 in
384 2561 461 2594 edd.
