1693 2981
721 314 920 352 —13-.

189 432 298 470 duire
328 443 484 481 encore,
521 442 669 469 comme
696 430 794 469 dans
823 442 899 469 une
928 430 1018 469 ville
1046 429 1221 480 captive,
1257 441 1310 467 un
1337 439 1469 467 ramas

189 499 484 549 d’etrangers‘?“
527 499 710 539 Nonnulli
728 503 859 538 tamen
888 511 1024 537 sanam
1053 511 1129 537 non
1157 498 1289 538 inesse
1315 497 1357 536 in
1384 509 1468 536 ver·

189 568 249 607 bis
276 568 353 606 illis
382 568 612 607 sententiam
642 568 818 607 arbitrati
842 567 1138 606 emendationes
1165 570 1467 617 proposuerunt,

188 650 350 687 quarum
387 639 553 688 cognovi
588 638 731 677 hasce:
775 644 941 689 captae
980 638 1151 675 civitati
1193 636 1310 675 scribi
1346 635 1468 674 voluit

188 708 370 746 Heinsius
382 708 431 757 ¹),
476 709 665 758 captivis
705 706 926 744 Ludovicus
966 705 1119 744 Urlichs
1130 704 1180 755 ²),
1224 712 1362 756 capta
1397 707 1468 744 sit

188 778 342 816 civitas
365 774 585 826 Haasius³)‚
617 776 780 826 captivi
809 776 989 813 invitus
1010 773 1313 824 Heinischius4),
1345 774 1467 825 capti-

190 848 319 884 vitate
347 845 468 885 Iulius
497 846 698 883 Baumann
709 842 762 894 ⁵),
792 858 845 882 an
866 858 1017 894 parum
1045 845 1148 894 quod
1184 844 1316 881 Veneti
1343 849 1378 881 et
1405 844 1467 880 Ιη-

186 915 321 954 subres
350 916 502 953 curiam
532 914 780 965 inruperint?
807 914 844 951 εἰ
873 919 997 952 coetus
1025 913 1340 964 alienigenarum
1367 912 1469 951 velut

188 991 351 1035 captae
390 985 605 1022 civitati
642 984 861 1034 inferatur,
904 996 1014 1033 quem
1056 983 1161 1020 ultra
1200 983 1379 1021 honorem
1415 1004 1467 1009 —-

187 1059 356 1102 senator,
391 1053 485 1104 fore
527 1051 724 1090 Gustavus
765 1051 997 1101 Krueger⁶)‚
1049 1052 1151 1090 velut
1204 1052 1467 1102 adoptivus

188 1124 402 1160 inseratur
430 1121 687 1170 Hieronymus
717 1120 1059 1168 Schneebergeffl).
1122 1120 1174 1157 At
1206 1119 1322 1158 altius
1357 1131 1466 1169 repe·

185 1189 344 1228 tendum
372 1193 411 1228 et
438 1189 511 1227 hoc
547 1200 669 1237 genus
704 1188 884 1227 vitiorum
913 1188 1159 1227 statuendum
1188 1200 1274 1227 esse
1303 1188 1464 1238 conicio,

186 1270 261 1306 quo
289 1258 433 1296 factum
468 1261 545 1308 est,
582 1261 622 1296 ut
659 1258 855 1307 complura
895 1258 1016 1295 verba
1051 1257 1092 1295 in
1120 1269 1238 1295 unum
1268 1261 1466 1297 contracta

186 1327 264 1365 sint
291 1326 391 1365 alius
420 1326 621 1365 cuiusdam
649 1326 760 1365 verbi
787 1326 892 1365 haud
920 1338 1006 1364 raro
1040 1326 1143 1364 obvii
1172 1326 1340 1377 speciem
1369 1338 1465 1377 prae

186 1408 228 1435 se
256 1397 406 1445 ferens,
443 1397 621 1446 exempla
649 1396 841 1435 sufficiant
869 1396 965 1435 haec
993 1396 1083 1435 tria:
1125 1397 1225 1435 Ann.
1254 1397 1313 1447 II,
1342 1397 1411 1447 54,
1441 1397 1465 1435 8

183 1466 264 1504 alio
301 1465 419 1504 habet
453 1465 575 1504 Med.:
617 1467 728 1505 adito
765 1466 844 1505 Ilio
881 1477 953 1504 em.
990 1466 1020 1503 I.
1060 1466 1149 1504 Sev.
1187 1467 1327 1516 Vater,
1364 1466 1464 1505 Ann.

184 1535 281 1573 XIII
292 1565 301 1584 ,
334 1535 400 1585 14,
434 1536 482 1573 15
513 1535 697 1574 indebilis
726 1534 843 1573 Med.:
882 1536 975 1573 inde
1004 1536 1148 1575 debilis
1183 1548 1256 1574 em.
1291 1535 1461 1586 Lipsius,

184 1603 282 1642 Hist.
305 1604 336 1653 I,
361 1604 425 1654 52,
458 1605 507 1641 10
535 1605 764 1655 imperandi
791 1603 911 1642 Med.:
942 1606 1085 1656 imperi
1114 1606 1242 1643 dandi
1269 1616 1342 1643 em.
1372 1605 1463 1655 Nip-

183 1663 340 1722 perdey.
397 1674 494 1711 Eam
522 1673 639 1721 igitur
667 1672 769 1711 viam
798 1673 999 1722 ingressus
1028 1674 1083 1712 sic
1111 1674 1294 1712 emendo:

375 1768 427 1792 απ
459 1768 606 1805 parum
643 1754 746 1805 quod
789 1754 919 1792 Veneti
953 1761 988 1793 et
1016 1755 1196 1794 Insubres
1225 1756 1376 1794 curiam
1403 1758 1462 1794 in—

373 1825 571 1874 ruperint,
603 1824 683 1861 nisi
711 1824 1165 1875 coetus'alieniyenarum
1187 1825 1288 1863 velut
1311 1826 1462 1876 capto

372 1893 479 1933 toto
509 1881 676 1943 capite
705 1891 758 1932 vi
786 1891 864 1933 ita
891 1892 988 1934 sibi
1018 1894 1242 1945 inferatur?

187 1991 228 1998 ψ·
262 1972 394 2021 pulcre
421 1971 520 2010 inter
548 1983 589 2010 se
618 1971 806 2022 oppositis
835 1972 942 2011 curia
971 1973 1083 2022 quasi
1111 1986 1190 2013 una
1217 1974 1335 2013 totius
1356 1974 1462 2014 urbis

181 2040 296 2079 domo
325 2045 363 2080 et
390 2045 470 2080 toto
499 2041 644 2091 capite,
672 2040 713 2079 id
742 2045 802 2080 est
829 2041 918 2092 ipsa
946 2046 1029 2081 tota
1057 2043 1150 2082 urbe
1178 2044 1314 2083 Roma.

313 2205 336 2247 ¹)
358 2216 390 2237 v.
414 2205 686 2238 commentarium
710 2206 861 2238 criticum
883 2207 1092 2239 Halmianum
1116 2209 1169 2241 ad.
1194 2209 1224 2241 h.
1248 2210 1268 2241 l.

309 2259 336 2299 ²)
359 2259 477 2291 Rhein.
501 2259 586 2292 Mus.
610 2260 658 2292 VI
681 2260 794 2302 (1848)
817 2271 850 2301 p.
874 2261 947 2293 637.

310 2311 336 2353 3)
358 2311 391 2343 in
416 2312 468 2343 ed.
491 2312 558 2344 vol.
581 2313 606 2344 Ι.
629 2322 662 2353 p.
688 2313 759 2345 191.

309 2365 337 2405 ⁴)
360 2365 411 2397 De
434 2365 602 2397 nonnullis
626 2365 734 2398 Taciti
757 2367 841 2400 locis
864 2367 1060 2408 disputatio.
1084 2369 1181 2402 Glatz
1207 2371 1300 2403 1859.
1328 2381 1361 2412 p.
1385 2373 1416 2404 9.

310 2418 336 2458 ⁵)
359 2418 454 2454 Neue
471 2418 679 2460 Jahrbiicher
701 2419 756 2452 fiir
783 2421 968 2462 philologie
999 2423 1067 2454 und
1094 2423 1324 2466 paedagogik.
1354 2435 1386 2457 v.
1416 2426 1458 2458 83

179 2470 291 2512 (1861)
313 2481 346 2512 p.
371 2471 444 2504 615.

309 2524 336 2565 ⁶)
358 2524 426 2557 ibd.
451 2535 483 2557 v.
507 2526 550 2557 85
573 2525 685 2568 (1862)
707 2536 740 2566 p.
765 2526 826 2559 111
850 2537 926 2568 sqq.

310 2577 334 2619 ⁷)
356 2578 427 2610 Eos
450 2579 466 2610 I
488 2578 600 2621 (1864)
621 2589 655 2621 p.
678 2580 740 2613 155
763 2590 814 2622 sq.
