1693 2981
752 297 966 336 ..34-

215 414 359 453 fuerint
385 418 524 464 postea
549 414 683 453 nescio
718 426 797 463 qua
829 414 980 454 ratione
1017 415 1219 454 exstincta.
1274 416 1321 454 In
1357 416 1498 454 lacuna

217 482 411 532 explenda
437 482 640 521 consilium
668 482 724 522 rei
760 482 801 521 in
839 494 917 532 qua
955 488 1115 533 narrata
1151 487 1375 535 versantur,
1412 495 1496 523 sen-

215 552 377 590 tentiam
405 552 480 590 loci
508 552 557 590 de
592 564 669 601 quo
703 552 875 601 agimus,
914 564 1024 591 usum
1061 552 1230 601 denique
1264 553 1496 602 optimorum

215 619 264 658 de
301 619 418 659 rebus
456 619 692 660 militaribus
727 623 928 659 auctorum
966 623 1121 660 secutus
1160 632 1266 660 sum:
1308 614 1497 674 cmponere

215 690 319 728 enim
346 690 579 729 vocabulum
607 690 762 740 proprie
789 689 929 729 dicitur
956 702 1005 729 ea
1031 690 1080 729 de
1108 702 1162 740 re,
1190 702 1307 739 quam
1335 691 1496 740 Tacitus

214 758 288 797 hoc
315 758 400 797 loco
427 757 630 809 intellegit,
659 757 708 797 cf.
738 758 850 798 Caes.
879 759 923 798 B.
945 759 988 799 O.
1008 759 1080 810 111,
1109 759 1146 810 6,
1174 759 1199 798 3
1229 759 1406 799 omnibus
1428 773 1496 798 na—

214 829 327 868 vibus
355 829 411 866 ad
439 842 558 866 umam
585 826 846 868 incolumibus
873 829 1018 868 ‘milites
1033 830 1224 880 cwposuit,
1254 829 1348 867 lust.
1364 829 1494 877 XXII,

214 897 256 947 5,
296 897 320 935 2
356 898 532 948 empoeito
570 898 613 936 in
652 896 821 949 Africae
862 897 975 936 litore
1017 899 1198 936 amercitu.
1255 897 1496 951 Vocabulum

214 966 404 1017 amne71),
443 966 547 1015 quod
574 965 615 1004 in
642 965 741 1004 libro
769 951 944 1005 Mediceo
971 965 1072 1005 inter
1099 966 1290 1015 vocabula
1317 967 1425 1006 laevo
1453 970 1493 1006 et

214 1042 388 1074 erratum
415 1039 491 1086 est,
521 1035 571 1074 ab
600 1035 687 1085 ipso
716 1034 905 1087 scriptore
930 1035 1011 1086 illo,
1040 1047 1116 1085 quo
1144 1036 1324 1075 lacunam
1352 1035 1494 1086 detexi,

213 1105 297 1143 loco
340 1104 525 1154 scriptum
561 1103 684 1142 fuisse
721 1103 891 1153 conicio;
929 1103 1017 1153 quis
1051 1115 1144 1142 vero
1182 1104 1260 1143 tale
1297 1104 1391 1153 quid
1425 1116 1496 1154 pro

214 1177 317 1215 certo
358 1172 634 1212 affirmaverit?
695 1172 809 1212 Addo
851 1172 1019 1222 denique
1057 1172 1132 1212 hoc
1166 1184 1284 1212 unum
1319 1173 1494 1212 conside-

213 1242 389 1291 randum,
417 1253 547 1280 nonne
575 1241 713 1280 Tacito
741 1241 938 1280 ablativus
967 1252 1082 1279 casus
1110 1241 1185 1284 hac
1211 1241 1342 1291 potius
1370 1241 1495 1279 forma

213 1311 323 1350 laevo
350 1312 470 1350 amni
498 1319 613 1361 quam
640 1309 709 1349 illa
736 1310 844 1350 laevo
872 1324 995 1349 amne
1019 1309 1210 1353 dicendus
1236 1309 1380 1350 fuerit?

341 1381 518 1428 Longum
538 1384 577 1418 et
595 1392 617 1418 e
633 1391 676 1418 re
699 1391 787 1418 esse
813 1379 913 1418 duco
942 1391 1077 1418 omnes
1101 1379 1270 1418 omnium
1292 1379 1492 1429 editorum,

212 1461 375 1500 quorum
402 1449 503 1489 alius
532 1449 650 1489 aliam
685 1448 917 1488 sententiam
953 1449 1113 1500 protulit
1148 1453 1217 1490 aut
1252 1449 1492 1500 interpositis

211 1524 279 1558 aut
298 1519 461 1558 seclusis
485 1522 553 1557 aut
569 1518 648 1557 alio
667 1518 783 1556 modo
804 1518 997 1556 distinctis
1015 1518 1228 1568 vocabulis,
1251 1518 1493 1557 coniecturas

210 1587 394 1640 proferre.
441 1587 548 1628 Satis
569 1587 697 1627 habeo
726 1599 798 1626 cos.
821 1586 1022 1627 nominare
1055 1586 1121 1637 qui
1156 1587 1197 1626 in
1232 1587 1382 1627 diurnis
1409 1587 1492 1639 phi-

210 1657 386 1706 lologicis
405 1657 508 1695 hunc
524 1657 649 1695 locum
669 1660 899 1694 tractarunt:
923 1656 1136 1695 novissime
1153 1656 1246 1711 fecit
1262 1656 1435 1711 Ritterus
1445 1656 1489 1707 ²),

211 1726 276 1777 qui
303 1725 414 1776 legit:
446 1725 596 1766 Clanio
623 1724 801 1765 Amisiae
829 1727 881 1764 in
909 1725 1025 1764 lacu
1052 1726 1202 1776 relicta,
1231 1726 1339 1765 laevo
1367 1740 1490 1777 amne,

210 1803 454 1847 matremque
488 1797 532 1833 in
569 1809 611 1834 eo
647 1795 752 1845 quod
790 1808 864 1833 non
900 1794 1080 1833 subvexit
1119 1801 1208 1833 aut
1249 1797 1493 1847 &transposuit

210 1866 383 1904 militem.
440 1864 541 1902 Ante
578 1875 666 1902 eum
703 1866 987 1913 proposuerant
1023 1863 1239 1902 Stauderus
1249 1863 1280 1913 8)
1315 1864 1493 1904 εαόυεωίι

210 1941 254 1973 et
288 1934 542 1985 transposuit,
573 1932 735 1971 Carolus
763 1931 935 1971 Schenkl
944 1931 977 1983 ⁴¹)
1014 1932 1193 1971 eubvcoeit
1221 1946 1278 1971 ac
1314 1939 1492 1984 &rampo—

209 2005 309 2052 suit,
347 2001 559 2040 Mauricius
597 2000 765 2050 Seyffert
774 2001 806 2050 5)
845 2001 984 2040 classis
1021 2000 1198 2040 Amisiae
1235 2015 1317 2040 ore
1355 2002 1492 2040 relicta

345 2133 370 2176 ¹)
393 2133 437 2166 de
461 2132 650 2175 compendii
672 2135 756 2164 nota
779 2142 812 2165 v.
834 2133 1001 2167 Ritterum
1017 2103 1057 2166 sin
1079 2132 1187 2175 praef.
1199 2143 1232 2175 p.
1245 2133 1385 2167 XXXV.
1403 2134 1491 2168 med.

340 2187 368 2229 ²)
391 2187 509 2219 Rhein.
533 2187 617 2219 Mus.
641 2186 739 2219 XVII
762 2186 874 2228 (1862)
896 2195 930 2227 p.
955 2186 1029 2218 105.
1052 2186 1149 2219 Nunc
1171 2186 1274 2222 etiam*
1283 2186 1317 2219 in
1330 2186 1383 2219 ed.
1396 2187 1490 2229 Lips-

210 2243 367 2336 reaepffll’)
390 2291 586 2326 Zeitschrift
614 2291 669 2324 fiir
698 2292 753 2325 die
786 2291 1236 2326 alterthumswissenschaft.
1266 2292 1349 2325 XIII
1376 2293 1490 2335 (1855)

210 2348 249 2380 N·
273 2348 316 2379 38
337 2357 370 2441 P)
391 2347 587 2432 Ξὲῗέεοὴτὶἲὺ
598 2398 653 2431 fiir
666 2399 720 2431 die
734 2398 1059 2432 oesterreichischen
1072 2399 1283 2442 gymnasien.
1307 2399 1356 2431 XI
1376 2399 1490 2442 (1860)

210 2464 242 2495 ρ.
266 2454 605 2547 411⁶3q1ll1iscellanea
635 2505 750 2538 critica
777 2505 810 2537 in
845 2505 1054 2548 Zeitschrift
1082 2507 1149 2548 fur
1176 2506 1243 2539 das
1271 2506 1490 2548 yymnasial-

209 2570 331 2592 wesen.
354 2560 419 2592 XV
441 2559 554 2601 (1861)
576 2569 610 2600 p.
633 2559 707 2590 303.
