1693 2981
774 335 823 341 m
854 314 906 352 36
936 337 984 341 --

235 431 407 470 iunctum
437 444 461 470 a
488 431 625 470 Tacito
654 435 692 469 et
719 430 929 479 cogitatum
959 434 998 469 et
1025 431 1170 470 dictum
1197 430 1338 480 fuisse,
1377 431 1449 469 hac
1476 443 1517 469 re

235 499 486 551 perspicitur,
517 499 620 550 quod
649 507 892 552 erratumque
920 502 964 539 in
993 514 1061 550 eo,
1097 512 1175 539 non
1204 507 1447 553 erratumque
1477 502 1518 539 in

236 572 310 609 eia
337 569 602 620 praepositum
631 573 701 608 est.
757 569 809 608 Ut
843 569 1132 619 comparatione
1167 570 1324 609 aliunde
1365 574 1519 619 sumpta

236 642 333 688 utar,
360 638 429 677 illa
455 653 532 678 non
546 661 599 666 ——
613 645 666 688 et,
705 652 782 677 non
796 660 848 665 —-
863 652 928 687 ae,
966 652 1042 677 ‘no‘n
1056 659 1109 666 ——
1123 651 1194 690 que
1231 650 1317 677 cum
1353 638 1518 677 formula

236 707 310 747 hac
337 706 630 747 mathematices
660 721 750 746 a—
766 707 808 757 (b
825 707 871 754 -l-
889 707 926 756 c)
954 706 1198 756 contulerim,
1228 719 1346 757 quae,
1384 719 1517 755 quam-

236 788 352 826 quam
373 776 453 816 alia
468 775 619 815 ratione
640 775 812 825 cogitata
831 778 902 826 est,
930 775 1033 815 idem
1050 775 1155 815 valet
1169 775 1273 825 quod
1291 791 1378 815 α-
1391 777 1412 815 b
1423 799 1473 804 -
1486 791 1516 815 c.

648 899 775 941 Ann-
802 899 833 941 1.
861 899 926 941 11.
954 909 995 942 ο.
1024 899 1107 941 33.

366 985 514 1034 Locus,
544 984 592 1023 de
620 995 696 1033 quo
724 983 900 1034 proxime
928 988 1081 1034 agetur,
1109 983 1211 1023 inter
1246 983 1409 1034 plurime
1443 988 1516 1023 tra-

238 1057 363 1092 ctatos
399 1057 478 1103 est,
517 1064 641 1102 neque
674 1065 766 1091 vero
802 1052 930 1091 adhuc
963 1057 1067 1091 recte
1102 1053 1350 1103 emendatus,
1387 1065 1517 1101 quam-

238 1133 354 1171 quam
389 1121 601 1160 admodum
640 1120 807 1172 simplici
847 1120 998 1160 ratione
1039 1121 1189 1160 restitui
1225 1125 1374 1172 potest,
1417 1132 1517 1170 quae

237 1191 342 1241 quod
374 1204 399 1231 a
435 1191 590 1231 nemine
623 1190 700 1230 iam
730 1194 935 1242 perspecta
963 1190 1014 1230 sit
1040 1191 1155 1230 valde
1183 1191 1411 1230 mirandum.
1468 1192 1518 1230 Et

237 1264 415 1300 narratur
450 1260 505 1299 ibi
540 1260 589 1299 de
626 1264 784 1299 senatus
819 1260 1105 1299 consultatione
1139 1260 1325 1309 quadam⁴
1342 1260 1391 1299 de
1425 1261 1517 1299 luxu

238 1329 408 1369 civitatis
427 1329 523 1368 artis
543 1329 686 1368 finibus
709 1329 1079 1378 circumscribend03
1108 1333 1242 1368 contra
1261 1329 1365 1378 quod
1381 1329 1517 1368 Gallus

238 1398 398 1437 Asinius
427 1398 622 1437 disseruit.
679 1398 774 1437 Eius
802 1398 988 1437 orationis
1015 1402 1165 1448 partem
1194 1398 1291 1437 liber
1319 1398 1516 1437 Mediceus

237 1467 296 1507 sic
323 1467 498 1507 exhibet:
1352 1462 1364 1471 ’

432 1538 636 1577 distinctos
663 1543 819 1576 senatus
853 1543 888 1575 et
923 1538 1086 1589 equitem
1121 1551 1272 1587 cemus,
1310 1551 1387 1577 non
1424 1539 1519 1590 quia

432 1608 581 1646 diversi
607 1613 764 1657 natura,
794 1607 880 1646 sed
907 1613 959 1645 ut
986 1607 1090 1646 loci
1098 1622 1118 1646 ε
1146 1608 1353 1647 ordinibus
1377 1608 1517 1659 digna-

431 1676 605 1714 tionibus
632 1677 896 1714 antisteut.
957 1677 1103 1715 Talia
1140 1690 1237 1728 quae
1264 1678 1320 1715 ad
1347 1679 1517 1729 requiem

429 1746 557 1783 am‘mi
584 1751 653 1783 aut
680 1745 950 1784 salubritatem
979 1760 1186 1797 corporum
1212 1753 1412 1797 parentur.

365 1814 464 1851 Eum
492 1813 619 1851 locum
650 1813 774 1851 Grotii
802 1813 1022 1852 coniectura
1050 1822 1085 1852 et
1112 1815 1208 1853 aliis
1234 1826 1305 1864 pro
1327 1815 1515 1854 vocabulo

237 1882 400 1922 Medicei
431 1883 544 1922 Talis
573 1893 666 1921 usus
694 1882 768 1921 hoc
794 1882 910 1921 modo
939 1882 1123 1921 emendo:

429 1953 632 1991 distinctos
659 1958 815 1991 senatus
843 1958 878 1990 et
914 1937 1085 2003 eQuitum
1120 1965 1272 2002 censue,
1313 1966 1387 1991 non
1422 1955 1516 2004 quia

413 2021 578 2060 'diversi
606 2027 762 2071 namma,
796 2022 883 2061 aed
910 2027 981 2071 ut,
1018 2020 1207 2063 diverti
1245 2022 1348 2061 loci
1356 2037 1376 2061 ε
1411 2024 1516 2061 ordi-

427 2089 543 2127 nibus
578 2090 893 2139 diqnationibue,
931 2092 1116 2128 antistant
1152 2097 1195 2128 et
1231 2091 1379 2140 aliia,
1418 2106 1516 2143 quae

427 2158 483 2195 ad
522 2159 695 2209 requiem
731 2159 860 2197 animi
895 2165 965 2197 aut
1001 2159 1273 2198 salubritatem
1309 2174 1516 2211 corporum

419 2232 627 2277 parentur.

361 2294 467 2334 Nihil
494 2294 614 2344 igitur
640 2299 829 2341 mutatum
857 2296 934 2335 nisi
963 2297 1065 2346 quod
1096 2299 1245 2338 diversi
1280 2298 1513 2337 vocabulum

231 2363 436 2413 repetitum
466 2368 535 2413 est,
565 2364 669 2413 quod
696 2370 855 2415 propter
878 2377 995 2404 unum
1015 2366 1194 2415 idemque
1214 2366 1389 2416 proxime
1408 2372 1513 2406 ante-

232 2431 375 2471 cedens
395 2432 588 2472 excidisse
604 2434 719 2473 valde
739 2434 939 2484 probabile
960 2439 1029 2474 est.
1068 2436 1173 2474 Inter
1201 2436 1314 2485 locos,
1345 2430 1513 2487 ordines,

232 2502 482 2551 dignationes
510 2502 701 2540 vocabula
729 2503 803 2541 hoc
839 2503 1028 2542 interesse
1063 2503 1233 2554 videtur,
1269 2508 1311 2543 ut
1347 2505 1512 2554 primum

231 2568 280 2608 de
308 2568 404 2607 locis
433 2569 472 2607 in
501 2569 652 2608 theatro
681 2584 727 2610 ac
755 2571 856 2610 circo
886 2571 1076 2623 discretis,
1106 2573 1269 2612 alterum
1290 2574 1338 2613 de
1357 2574 1512 2614 nomine
