1693 2981
147 641 177 672 1.

150 1492 183 1522 5.

318 487 694 537 8ΕΝΤΕΝΤΙΑΕ
738 489 1245 539 ΟΟΝΤΒΟνΕΒὸΑΕ.

189 678 192 681 .
211 640 308 673 Inter
335 642 490 690 scholam
518 644 549 675 et
571 643 750 676 ecclesiam
771 645 803 675 et
822 652 896 676 rem
912 643 1096 685 publicam
1117 644 1201 676 haec
1224 644 1418 676 intercedat

210 688 438 734 necessitudo,
459 697 498 727 ut
518 696 720 728 scholarum
742 696 900 728 omnium
919 698 995 729 tota
1017 695 1285 731 administratio
1309 696 1417 728 unius

211 746 265 778 rei
285 747 448 788 publicae
467 748 539 790 fiat,
559 748 721 780 ecclesiae
742 750 856 781 autem
877 758 956 781 cum
977 758 1000 781 a
1020 749 1140 780 schola
1162 750 1235 780 tum
1257 758 1280 780 a
1301 757 1340 780 re
1348 758 1413 789 pu-

211 798 304 831 blica
331 808 485 841 prorsus
506 799 681 833 seiunctae
702 809 789 833 cura
810 801 854 834 ab
876 801 959 843 ipsa
980 811 1055 833 una
1076 801 1222 834 ecclesia
1241 802 1394 843 geratur.

216 852 334 893 Neque
354 852 509 884 rationis
529 862 638 894 neque
648 853 836 894 aequitatis
846 863 924 886 cum
935 853 1069 902 leyibus
1080 853 1249 894 convenit,
1273 855 1311 885 ut
1322 855 1424 886 certa

211 914 284 937 una
305 905 517 948 religionum
539 915 627 948 quae
648 908 729 939 sunt
747 908 870 950 forma
887 897 1036 949 publica
1057 906 1265 939 auctoritate
1297 906 1420 939 ceteris

210 960 445 1003 anteferatur,
476 961 604 993 nedum
625 960 673 993 ad
702 961 934 1003 capessendos
962 961 1112 993 honores
1133 960 1235 993 illam
1251 960 1420 1003 profiteri

214 1013 353 1049 coac-,tus
374 1012 435 1045 sis.

214 1065 253 1097 Is
281 1065 345 1106 qui
375 1066 423 1098 ad
453 1065 622 1099 historiae
653 1057 859 1099 scribendae
889 1066 1124 1108 disciplinam
1155 1075 1228 1098 sese
1262 1065 1418 1105 contulit,

211 1118 288 1160 ipse
316 1119 409 1152 absit
437 1120 481 1152 ab
510 1119 650 1162 negotio
676 1119 905 1161 publicarum
938 1128 1057 1152 rerum
1085 1129 1151 1151 sua
1172 1121 1282 1151 aetate
1302 1128 1419 1161 geren—

213 1172 350 1204 darum.

215 1225 406 1258 Modorum
427 1225 643 1258 musicorum
663 1235 772 1268 genus
793 1234 968 1258 summum
988 1227 1104 1258 statuo
1127 1233 1257 1264 eorum,
1289 1224 1352 1266 qui
1373 1224 1418 1256 ab

211 1278 293 1320 ipso
310 1278 518 1320 primordio
541 1280 589 1311 ad
607 1279 802 1321 proprium
832 1278 1146 1311 instrumentorum
1173 1279 1287 1310 solum
1313 1277 1418 1309 musi-

211 1340 332 1363 corum
352 1341 452 1364 usum
475 1332 571 1374 facti
588 1334 670 1364 sunt
686 1332 875 1370 (sermonis
887 1331 1005 1363 nostri
1018 1331 1266 1363 consuetudine
1279 1330 1420 1362 diaeeris

215 1384 317 1424 „die
343 1385 468 1417 reine
495 1384 1026 1424 instrumentalmusik“)‚
1049 1393 1222 1416 summam
1243 1392 1324 1415 vero
1346 1391 1421 1424 spe-

215 1437 301 1470 ciem
326 1438 639 1480 symphoniam
667 1447 774 1480 quam
800 1447 975 1470 vocamus.

213 1492 269 1523 Ea
291 1500 381 1532 quae
403 1491 543 1524 doceris
564 1492 711 1529 credere,
734 1491 874 1524 imitari
895 1500 953 1523 eos
971 1491 1034 1532 qui
1052 1493 1082 1523 te
1100 1491 1224 1523 docent
1239 1492 1271 1522 te
1291 1499 1426 1522 necesse

214 1546 277 1584 est,
308 1546 495 1586 antequam
525 1544 603 1586 ipse
626 1544 808 1586 peculiari
834 1545 896 1576 tua
922 1543 1061 1577 ratione
1094 1553 1173 1578 vere
1202 1543 1289 1585 quid
1322 1543 1424 1583 scire,

214 1606 292 1630 vere
312 1597 399 1631 novi
419 1597 506 1639 quid
526 1599 653 1641 fingere
671 1598 804 1640 possis.

151 1651 182 1682 6.
205 1650 388 1683 Historiae
408 1651 614 1684 scribendae
636 1660 698 1683 ars
719 1650 770 1683 ita
793 1652 843 1683 est
865 1650 1000 1692 optima
1022 1652 1061 1682 ut
1080 1649 1199 1682 studio
1212 1658 1336 1682 carens
1347 1658 1423 1681 non

214 1703 333 1736 minus
356 1714 463 1745 quam
484 1705 544 1737 ira
566 1702 860 1746 ψυχολογικώταια
882 1713 954 1736 sese
974 1704 1084 1735 habet.

154 1758 183 1788 7.
209 1757 339 1790 Graece
371 1759 402 1790 et
431 1757 539 1790 latine
568 1757 747 1790 scribendi
776 1758 934 1799 facultas
962 1766 1001 1788 eo
1031 1755 1183 1788 consilio
1214 1755 1320 1788 nobis
1353 1755 1424 1787 dis-

215 1811 326 1842 senda
347 1812 397 1843 est
417 1812 448 1843 et
469 1810 671 1850 eaeercenda,
695 1811 733 1842 ut
753 1812 906 1842 veterum
928 1808 1040 1841 libros
1059 1808 1210 1851 facilius
1230 1808 1422 1849 meliusque

216 1863 457 1905 intelleyamus
478 1865 510 1895 et
531 1863 571 1895 in
592 1863 793 1905 singulares
815 1864 889 1895 tum
913 1862 1129 1894 Graecorum
1150 1863 1224 1893 tum
1246 1860 1427 1893 Romano—'

216 1925 296 1949 ‘rum
318 1916 500 1959 cogitandi
521 1926 563 1949 ac
583 1916 760 1949 sentiendi
780 1916 939 1948 rationes
967 1914 1082 1957 magis
1110 1914 1291 1956 magisque
1321 1913 1424 1946 intre-

220 1979 308 2011 mus,
332 1980 405 2002 non
427 1972 466 2002 ut
486 1970 563 2012 ipsi
584 1971 649 2002 hac
670 1979 742 2011 qua
762 1979 857 2002 nunc
878 1978 1000 2001 sumus
1021 1970 1130 2001 aetate
1157 1969 1210 2000 vel
1230 1976 1351 2010 9raece
1372 1968 1425 2000 vel

216 2023 324 2056 latine
346 2022 458 2056 libros
478 2023 685 2055 scribamus.

219 2076 361 2119 Linyua
391 2076 655 2119 francoyallica
687 2078 737 2109 est
771 2076 862 2109 inter
891 2075 1113 2119 difficilimas
1143 2075 1190 2106 ad
1219 2074 1425 2106 discendum

218 2130 487 2171 docendumque.

217 2182 272 2214 Ad
308 2182 467 2223 pueriles
501 2182 641 2214 animos
682 2182 919 2214 instituendos
953 2179 1115 2223 εἱριστικῆ
1147 2180 1241 2212 ratio
1273 2178 1424 2211 docendi

217 2234 372 2266 maa-ime
394 2236 443 2265 est
465 2235 702 2266 accomodata.
