1693 2981
769 311 982 349 ..42-

234 425 332 463 Ann.
362 426 427 475 IV,
458 426 493 475 6,
529 427 555 464 4
593 429 704 466 2⁵0.me
717 430 897 479 pm’mum‘
923 430 1091 480 publica
1128 433 1281 481 neqotia
1309 438 1343 470 et
1369 434 1507 483 priva-

230 501 356 533 torum
384 498 561 547 maaeima
589 498 709 547 apud'
723 504 861 549 patres
887 499 1169 548 tractabantur.
1218 500 1403 547 Voculam
1427 503 1509 539 iam

229 563 270 602 in
297 563 408 608 libro¹
422 564 574 618 scriptq
598 565 816 618 compendii
850 570 942 619 nota
973 566 1033 606 -sic
1059 566 1140 617 fere
1175 569 1230 608 ἰᾶ.
1254 570 1315 614 vel
1348 572 1406 609 ia7
1445 582 1507 609 ex-

229 646 404 684 pressam
433 634 756 687 praecedentibus
783 635 919 675 litteris
948 643 1028 686 ant,
1057 637 1307 687 sequentibus
1336 654 1389 677 an
1414 639 1505 678 hau-

229 708 330 754 stam
356 703 471 743 facile
510 704 681 756 (facilius
717 705 881 753 fortasse
896 718 1029 758 squam
1060 707 1116 758 pet)
1153 711 1194 746 ut
1228 708 1387 759 periret,
1423 709 1505 747 fieri

227 773 542 824 potuissessnemo
571 774 742 824 negabit.
775 761 781 807 ᾗ
795 775 844 814 At
872 775 1070 827 paululum
1099 776 1191 826 quid
1218 776 1378 816 interest
1406 778 1505 817 inter

228 842 365 883 Ritteri
392 847 432 894 et
461 855 600 890 meamf
615 843 829 898 explendae
857 844 1018 884 lacunae
1048 845 1302 895 condiciones,
1333 847 1375 886 id
1399 848 1504 897 quod

227 912 516 963 interpretando
539 912 690 962 'optime
717 912 909 965 illustrare
936 925 1054 963 posse
1071 914 1167 952 mihi
1182 914 1327 954 videor.
1367 915 1504 955 Ritteri

226 981 329 1021 enim
364 988 398 1021 et
433 988 522 1022 ante
559 982 891 1033 interpretandum
929 988 988 1023 est
1025 986 1152 1023 auch
1190 986 1310 1035 8οῆοη
1340 986 1502 1036 frtther,

225 1051 352 1090 meum
390 1053 472 1090 iam
509 1058 597 1090 ante
634 1051 729 1101 nihil
767 1056 827 1090 est
858 1052 935 1103 nisi
963 1054 1086 1102 *echon
1111 1054 1285 1105 frithem
1327 1054 1504 1105 exempla

224 1134 324 1171 quae
354 1134 472 1172 supra
499 1121 548 1161 de
582 1133 659 1172 usu
691 1122 792 1161 inter
826 1134 868 1163 se
903 1122 1192 1162 coniunctorum
1227 1123 1502 1163 vocabulorum

224 1198 374 1230 et-ante
402 1183 440 1229 et
470 1193 551 1229 iam
574 1192 735 1242 pridem
762 1191 1021 1241 similiumque
1049 1192 1206 1242 collegi,
1234 1192 1289 1233 ita
1317 1204 1422 1242 esse,
1462 1193 1502 1231 ni

222 1259 348 1311 fallor,
377 1260 528 1299 docent.

352 1400 567 1439 Glossas
601 1400 661 1438 vel
692 1400 928 1449 glossemata
954 1400 1123 1439 medium
1149 1400 1249 1439 inter
1276 1404 1493 1451 contextum

221 1469 451 1520 interposita
475 1469 599 1509 ,verba
626 1469 676 1508 ab
703 1469 800 1520 ipsis
829 1469 1081 1520 scriptoribus
1100 1481 1175 1508 non
1197 1473 1281 1509 orta
1299 1470 1496 1521 appellare

222 1539 258 1577 ei
286 1539 353 1586 qui
379 1551 482 1577 nunc
509 1543 599 1576 sunt
628 1538 816 1588 philologi
833 1538 872 1576 in
891 1542 1073 1577 consueto
1095 1539 1250 1577 habent.
1288 1539 1497 1577 Maximam

220 1611 369 1657 partem
408 1607 562 1656 glossae
599 1607 640 1645 in
675 1611 805 1645 vetere
834 1607 1000 1655 quodam
1030 1606 1126 1645 libro
1155 1611 1223 1645 aut
1248 1607 1347 1645 inter
1375 1607 1497 1646 lineas

221 1680 288 1715 aut
314 1676 354 1714 in
391 1675 567 1725 margine
605 1675 825 1726 adscriptae
860 1679 969 1718 erant
1004 1687 1050 1714 eo
1089 1675 1270 1726 consilio,
1308 1680 1350 1714 ut
1383 1688 1495 1715 voca-

221 1746 350 1783 bulum
380 1745 574 1794 quoddam
603 1749 670 1783 aut
697 1746 824 1795 ipsum
853 1745 1077 1782 inusitatum
1104 1745 1166 1782 vel
1198 1749 1352 1794 praeter
1385 1756 1495 1783 usum

220 1814 432 1864 sollennem
462 1814 672 1865 cogitatum
701 1814 752 1855 ad
780 1800 980 1855 commune
1010 1811 1178 1867 omnium
1207 1813 1403 1866 cogitandi
1441 1813 1496 1854 di-

220 1886 408 1933 cendique
445 1898 568 1933 genus
605 1889 832 1925 revocarent
868 1889 935 1922 aut
969 1885 1138 1922 brevius·
1163 1885 1306 1929 dictum
1345 1884 1494 1922 addita-

219 1958 347 1994 mento
387 1953 624 2006 explicarent
665 1958 732 1995 aut
774 1953 847 2001 arti
888 1952 1055 2003 denique
1098 1953 1274 1993 cuidam·
1295 1953 1495 2004 proprium

220 2024 412 2073 apposito,
441 2013 627 2072 quidnam
655 2023 750 2061 illud
779 2027 893 2072 esset,
921 2023 1276 2072 interpretarentur.
1315 2024 1365 2061 Et
1390 2023 1493 2061 inve-

219 2092 376 2131 niuntur
403 2092 508 2142 apud
536 2091 714 2132 Tacitum
743 2096 850 2131 certa
878 2091 1056 2142 exempla
1092 2090 1208 2130 trium
1245 2090 1394 2130 illorum
1431 2104 1492 2141 ge-

217 2175 362 2211 nerum,
394 2174 554 2211 quorum
583 2162 738 2210 singula
759 2161 895 2200 ¹afferri
922 2173 1000 2199 non
1025 2161 1194 2203 alienum
1216 2173 1241 2202 a
1262 2173 1302 2199 re
1327 2160 1493 2200 videtur:

218 2232 315 2274 Hist.
343 2232 422 2281 111,
461 2231 513 2269 50
540 2230 730 2273 vocabula
760 2231 938 2270 donativi
952 2243 1100 2269 vnomen
1128 2236 1181 2270 est
1217 2229 1372 2279 glossae
1409 2230 1493 2269 loco

217 2301 320 2339 haud
349 2301 465 2339 dubie
494 2300 545 2337 ad
575 2312 707 2337 vocem
737 2301 955 2337 clavarium
984 2298 1162 2348 apposita
1196 2310 1283 2337 esse
1321 2299 1492 2337 Castalio

217 2375 255 2409 et
283 2369 436 2409 Ernesti
464 2368 754 2417 intellexerunt3
783 2369 882 2406 Ann;
903 2367 988 2418 XV,
1012 2367 1075 2418 38,
1104 2367 1171 2406 ubi
1198 2371 1258 2406 est
1280 2368 1396 2419 fessa
1424 2374 1493 2406 aut

216 2441 332 2477 rudis
374 2433 485 2477 aetast
516 2438 634 2488 'prius
655 2434 962 2475 “adiectiv'orum
1014 2436 1174 2474 duorum
1226 2435 1490 2475 additamento

216 2515 350 2558 aetate,
378 2508 570 2559 posterius
599 2511 725 2549 autem
745 2506 879 2545 addito
903 2508 1104 2558 pueritiae
1125 2495 1280 2546 sinistre
1298 2506 1492 2556 explicata

216 2583 322 2626 sunt3
353 2577 450 2615 Hist.
480 2577 549 2626 ΙΙΙ,
579 2577 631 2614 20
658 2580 747 2625 post
774 2575 1002 2613 vocabulum
1030 2576 1155 2613 vineis
1183 2579 1242 2613 est
1259 2574 1299 2612 in
1314 2574 1487 2613 Mediceo
