1693 2981
802 244 985 280 —7-„„

255 365 400 414 qinquo
438 366 725 409 revenerat,
765 361 958 399 miracula
994 361 1288 399 narrabant.
1346 361 1429 398 Hoc
1464 371 1536 398 usu

255 435 382 470 motus
411 428 617 468 emendavi
645 428 825 481 insiynis
851 441 921 480 pro
949 429 1115 469 lectione
1150 429 1238 468 libri
1275 429 1442 468 Medieei
1477 431 1534 468 in-

258 502 417 550 signes.
484 498 661 549 Insiqnis
706 497 940 537 adiectivum
989 498 1038 537 de
1085 498 1308 537 hominibus
1357 499 1534 538 absolute

257 568 402 607 dictum
416 566 521 606 haud
537 579 623 606 raro
638 567 743 618 apud
759 567 936 606 Tacitum
953 567 1169 606 invenitur:
1198 567 1297 606 Hist.
1314 567 1384 617 III,
1401 567 1465 617 69,
1481 568 1534 606 20

243 638 436 688 feminae,
465 639 567 674 inter
595 650 692 687 quas
719 639 889 674 maoeime
916 639 1087 687 'insiqnis
1113 637 1307 674 Verulana
1339 637 1531 685 Gratilia,

253 706 354 745 Hist.
383 705 452 754 III,
484 705 546 755 73,
579 705 625 743 11
651 707 778 757 pauci
813 705 1048 744 militarium
1082 707 1274 755 virorum,
1312 707 1413 743 inter
1440 720 1533 757 quos

253 778 421 814 maxime
449 776 625 825 insignes
646 773 849 813 Cornelius
866 775 1084 823 Martialis,
1117 774 1307 813 Aemilius
1331 776 1530 824 Pacensis,

256 844 469 896 Casperius
485 843 626 895 Niyer,
642 844 795 881 Didius
809 842 970 892 Scaeva,
996 857 1175 894 puy-naon
1192 846 1284 881 ausi
1304 843 1533 882 obtruncan-

251 920 331 963 tur,
369 915 468 951 Ann.
504 912 577 961 IV,
616 912 684 961 61,
725 913 742 949 1
772 913 855 962 fine
888 914 988 950 ann-i
1023 925 1212 951 eoecessere
1248 914 1420 963 insiynes
1454 915 1533 950 viri

250 981 415 1020 Asinius
444 981 631 1032 Agrippa
660 1003 711 1007 ——
740 987 774 1018 et
805 980 849 1024 Q.
882 981 1089 1029 Haterius,
1129 981 1227 1017 Ann.
1266 980 1331 1029 IV,
1371 981 1440 1030 34,
1483 981 1528 1018 17

249 1064 364 1101 saepe
392 1057 434 1088 ut
462 1052 634 1102 insiynis
661 1052 767 1088 viros
797 1051 983 1099 nominat,
1014 1050 1113 1087 Ann.
1144 1049 1208 1099 IV,
1227 1049 1289 1098 73,
1319 1049 1366 1087 21
1400 1064 1530 1101 quam—

249 1133 365 1170 quam
395 1120 507 1157 multi
535 1119 781 1157 tribunorum
804 1119 1170 1170 praefectorumque
1198 1124 1232 1156 et
1262 1120 1434 1170 insiynes
1450 1133 1530 1157 cen-

249 1190 419 1227 turiones
449 1189 688 1238 cecidissent,
719 1188 819 1226 Ann.
835 1188 904 1237 XI,
926 1187 962 1232 5,
983 1187 1008 1226 5
1024 1188 1196 1238 Samius,
1228 1189 1398 1240 insiynis
1420 1202 1531 1239 eques

250 1259 461 1305 Romanus,
488 1271 525 1297 v.
544 1261 748 1308 praeterea
764 1257 837 1296 hoe
857 1257 896 1295 in
918 1257 1092 1296 oratione
1110 1257 1356 1307 imperatoris
1374 1257 1528 1296 Claudii

247 1326 294 1365 de
331 1327 413 1365 iure
447 1326 633 1365 honorum
680 1326 803 1364 Gallis
840 1327 1088 1364 concedendo
1125 1326 1301 1377 habita1)
1345 1328 1414 1366 Tot
1447 1341 1528 1365 ecce

243 1393 417 1446 insiqnes
444 1398 617 1444 iuvenes,
648 1402 737 1446 quot
766 1398 928 1434 intueor.
984 1396 1043 1434 De
1072 1396 1213 1434 litteris
1242 1411 1264 1434 v
1292 1400 1330 1434 et
1359 1410 1384 1433 n
1412 1408 1437 1433 a
1465 1408 1522 1434 re-

246 1464 499 1514 scriptoribus
528 1464 617 1502 libri
646 1464 811 1502 Medieei
840 1464 940 1502 inter
968 1476 1010 1502 se
1039 1464 1198 1503 mutatis
1228 1464 1383 1503 confero
1422 1465 1525 1503 Hist.

245 1535 276 1583 I,
306 1534 368 1583 62,
404 1535 469 1572 14:
508 1535 594 1574 levi
623 1540 748 1572 meatu
776 1533 894 1572 habet
922 1533 1037 1582 Med„
1067 1534 1153 1574 leni
1181 1541 1307 1572 meatu
1335 1546 1408 1572 em.
1440 1534 1524 1572 Aci—

244 1603 382 1640 dalius.
439 1603 565 1640 Locus
593 1602 734 1640 Dionis
764 1602 890 1640 Cassii
924 1614 999 1650 quo
1029 1603 1077 1640 de
1105 1603 1242 1641 eadem
1272 1608 1387 1651 atque
1415 1604 1521 1653 apud

244 1672 423 1711 Tacitum
446 1676 484 1711 et
510 1671 735 1711 Suetonium
756 1683 797 1709 re
826 1671 953 1720 agitur
982 1671 1022 1719 (1.
1038 1671 1127 1709 LVI
1154 1683 1185 1709 c.
1208 1671 1277 1718 42)
1309 1673 1381 1713 καὶ
1411 1671 1523 1727 πρό-

244 1757 378 1796 τερον
421 1741 640 1797 ἀράμενοι
681 1740 754 1783 διὰ
799 1743 892 1783 τῶν
933 1739 1169 1783 ἐπινικίων
1209 1742 1372 1783 πυλῶν
1406 1740 1519 1783 κατὰ

244 1809 297 1852 τὰ
321 1810 371 1853 ἓν
396 1812 451 1868 τῇ
476 1811 622 1868 βουλῇ
645 1809 845 1860 δόξαντα
872 1809 1140 1865 διεκόμισαν
1169 1810 1220 1848 ad
1234 1810 1520 1850 emendandum

242 1881 418 1919 Tacitum
447 1880 543 1918 nihil
572 1885 631 1919 est
658 1880 858 1930 praesidii.

665 1986 792 2028 Anu.
819 1986 850 2028 1.
877 1986 915 2027 1.
945 1997 985 2027 ο.
1015 1986 1097 2027 68.

366 2072 412 2109 In
441 2072 538 2109 Ann.
566 2070 591 2109 1.
621 2072 651 2109 Ι.
682 2083 713 2109 c.
744 2071 806 2121 68,
836 2070 902 2109 ubi
930 2070 978 2109 de
1009 2070 1213 2109 Germanis
1234 2074 1362 2109 eastra
1381 2072 1517 2109 Roma-

238 2147 373 2173 norum
393 2135 434 2173 vi
450 2134 595 2174 adol-tis
618 2138 806 2184 narratur,
827 2134 868 2172 in
888 2134 984 2173 libro
1006 2134 1180 2173 Mediceo
1200 2134 1297 2172 haec
1318 2135 1516 2183 leguntur:

429 2206 556 2255 iqitur
594 2211 678 2243 orta
717 2206 781 2242 die
813 2211 1035 2255 proruunt
1052 2205 1201 2256 fossos
1236 2205 1406 2243 iniciunt
1434 2219 1516 2242 cra-

429 2279 494 2322 tes,
524 2287 675 2312 summa
703 2274 800 2311 valli
822 2279 1026 2324 prensant,
1057 2287 1150 2312 raro
1177 2287 1297 2324 super
1331 2274 1453 2311 milite
1481 2280 1516 2311 et

428 2344 543 2393 quasi
570 2341 621 2379 ab
649 2347 788 2379 metum
817 2342 956 2391 defioeo.

367 2456 392 2498 ¹)
414 2459 493 2490 utor
516 2457 681 2498 exemplo,
705 2457 798 2498 quod
820 2457 915 2500 typis
939 2459 993 2489 est
1016 2465 1216 2497 expressum
1242 2456 1333 2497 apud
1352 2456 1514 2498 Nipperd.

234 2509 268 2540 in
292 2509 344 2542 ed.
370 2510 448 2542 Tac.
472 2511 538 2543 vol.
562 2511 604 2543 ΙΙ.
629 2511 741 2543 Locus
764 2510 810 2543 ibi
834 2515 888 2544 est
911 2522 942 2552 p.
967 2510 1031 2542 280
1053 2520 1083 2542 v.
1108 2510 1160 2543 23.
