1693 2981
722 308 933 345 —37-

190 424 403 473 senatorio,
439 424 591 462 tertium
626 423 675 463 de
712 423 917 474 splendore
954 427 1070 472 atque
1104 423 1335 463 'auctoritate
1374 437 1460 462 cum

190 493 345 533 nomine
381 492 449 531 illo
484 492 698 532 coniunctis
734 492 877 532 dictum
914 492 980 543 sit:
1019 491 1066 531 cf.
1096 493 1194 531 Ann.
1223 493 1309 543 XV,
1343 493 1410 544 32,
1439 497 1464 531 2

190 565 360 615 equitum
388 564 653 602 Romanorum
690 564 820 601 locos
855 562 1044 600 sedilibus
1074 562 1204 612 plebis
1242 564 1464 613 anteposuit

190 632 303 683 apud
332 633 479 670 circum
506 635 544 670 et
571 632 670 669 Ann.
699 631 800 681 XII,
836 630 905 679 52,
945 631 988 668 11
1032 631 1216 669 ordine
1260 633 1464 680 senatorio,

190 701 289 738 Ann.
310 700 395 750 XV,
420 701 485 750 49,
517 701 562 738 11
593 700 894 749 idemque'Agr.
914 700 952 749 4,
972 700 999 737 4
1026 702 1215 738 senatorii
1245 701 1462 750 ordinis,

189 768 289 808 Alin.
313 769 398 819 XV,
425 769 487 820 54,
517 770 535 807 1
568 762 718 809 dioersi
744 770 897 821 qeneris
925 770 1150 819 ordinis,
1181 770 1322 808 aetatis
1351 783 1465 809 semus

190 844 228 879 et
251 840 349 878 Ann.
372 840 442 889 III,
460 839 522 889 75,
552 840 574 877 7
605 840 844 878 comulatam
873 841 910 878 ei
937 840 1227 878 adceleraverat
1253 839 1463 890 Auyustus,

190 915 231 946 ut
280 908 496 947 Labeonem
547 908 762 948 Antistium
811 909 938 947 isdem
979 909 1134 947 artibus
1168 909 1465 959 praecellentem

191 979 498 1029 diqnatione
525 980 610 1017 eius
637 979 890 1030 maqistratus
918 979 1093 1027 anteiret,
1123 977 1222 1016 Ann.
1244 977 1309 1026 IV,
1332 977 1393 1026 16,
1415 977 1471 1015 16

189 1053 231 1084 ut
251 1048 428 1098 glisceret
456 1048 509 1085 di
518 1049 667 1098 qnati
677 1062 698 1085 o
725 1048 967 1085 sacerdotum
986 1053 1099 1097 atque
1120 1048 1223 1097 ipsis
1240 1048 1464 1097 promptior

188 1117 344 1156 animus
361 1116 472 1168 foret
498 1116 553 1154 acl
581 1116 840 1167 capessendas
860 1117 1131 1165 caerimonias,
1162 1116 1353 1154 decretum
1371 1114 1461 1153 Cor-

188 1187 314 1224 neliae
341 1187 494 1237 virgini
519 1209 572 1213 —
600 1187 815 1225 sestertium
842 1188 1003 1235 viciens,
1039 1186 1138 1224 Ann.
1175 1186 1239 1235 IV,
1268 1185 1337 1234 52,
1372 1185 1399 1223 4
1428 1186 1463 1224 is

125 1270 126 1273 ¹
188 1269 317 1294 recens
339 1260 552 1306 praetura,
583 1255 758 1293 modicus
797 1255 824 1292 d
836 1256 850 1292 i
859 1268 885 1306 9
897 1269 919 1292 n
930 1269 956 1292 a
965 1261 981 1292 t
991 1256 1007 1292 i
1018 1268 1039 1293 o
1049 1269 1075 1292 n
1085 1256 1129 1292 is
1157 1260 1192 1292 et
1220 1268 1370 1305 quoquo
1390 1254 1461 1305 fa-

190 1326 319 1363 cinere
348 1338 546 1375 properus
582 1324 804 1373 clarescere,
842 1323 970 1361 Germ.
1007 1336 1038 1360 o.
1072 1323 1130 1372 13,
1165 1335 1201 1360 v.
1232 1324 1252 1360 7
1292 1324 1464 1374 insiynis

191 1394 377 1436 nobilitas
406 1399 475 1431 aut
502 1406 646 1443 maqna
667 1398 831 1443 patrum
865 1393 1005 1430 merita
1038 1393 1241 1443 principis
1279 1392 1306 1429 d
1316 1393 1333 1429 i
1343 1405 1369 1443 9
1382 1406 1462 1429 na-

188 1464 373 1501 tionem
411 1464 529 1500 etiam
570 1462 870 1501 adulescentulis
903 1462 1136 1512 adsiqnant,
1177 1460 1306 1499 Germ.
1336 1472 1368 1498 o.
1398 1461 1462 1508 26,

187 1544 223 1570 v.
260 1531 287 1570 4
323 1533 415 1588 aqri
446 1545 522 1583 pro
558 1544 714 1570 numero
751 1531 938 1570 cultorum
975 1531 1025 1569 ab
1063 1532 1256 1570 universis
1293 1531 1335 1569 in
1362 1532 1464 1569 vices

189 1607 438 1653 occupantur,
470 1615 563 1652 quos
592 1615 682 1639 mom
711 1602 810 1639 inter
836 1614 876 1640 se
893 1601 1104 1639 secundum
1133 1601 1463 1651 eliquationem

183 1672 426 1722 partiuntur.
485 1670 630 1708 Eodem
658 1680 742 1720 usu,
771 1681 847 1718 quo
875 1669 972 1719 loco,
1010 1669 1058 1707 de
1087 1681 1162 1718 quo
1190 1681 1292 1707 nunc
1320 1668 1460 1717 agitur,

189 1755 263 1778 non
291 1742 384 1791 quia
414 1763 464 1767 —-
491 1741 560 1779 sed
587 1746 629 1777 ut
665 1739 847 1788 opposita
874 1743 978 1788 sunt,
1015 1739 1087 1776 hoc
1122 1738 1200 1777 alio
1229 1739 1327 1776 Ann.
1356 1738 1461 1786 XIV,

186 1809 249 1858 43,
278 1808 304 1846 4
331 1822 408 1847 non
435 1810 529 1859 quia
558 1830 607 1834 —
635 1809 704 1847 sed
739 1821 786 1846 ne
822 1811 1008 1857 usurpata
1044 1807 1310 1846 inveniuntur:
1345 1820 1462 1858 neque

186 1892 272 1917 sum
299 1879 546 1926 adversatus,
585 1892 678 1916 non
710 1863 836 1929 vquia
866 1878 1102 1926 dubitarem,
1139 1891 1258 1928 super
1286 1877 1461 1915 omnibus

186 1948 352 1998 negotiis
383 1947 519 1985 melius
547 1953 658 1998 atque
685 1948 828 1985 rectius
857 1946 950 1985 olim
972 1948 1177 1997 provisum
1204 1952 1239 1983 et
1266 1958 1363 1996 quae
1377 1959 1460 1983 con-

186 2022 420 2054 verterentur
462 2017 503 2053 in
545 2017 714 2054 deterius
756 2018 920 2064 mutari,
959 2016 1046 2054 sed
1081 2030 1138 2053 ne
1176 2016 1297 2053 nimio
1331 2029 1461 2052 amore

185 2085 340 2135 antiqui
367 2086 485 2122 moris
512 2085 688 2122 studium
716 2097 839 2122 meum
867 2084 1046 2122 eaetollere
1065 2084 1229 2121 viderer.
1266 2082 1458 2121 Senatorii

185 2157 314 2192 autem
344 2153 490 2191 ordinis
519 2152 719 2191 obtinendi
746 2152 859 2201 quasi
886 2152 1149 2191 condicionem
1179 2164 1360 2200 magnam
1380 2163 1458 2189 rem

183 2220 411 2260 familiarem
439 2222 508 2260 illa
535 2225 662 2261 aetate
689 2221 811 2260 fuisse
845 2221 1020 2272 pluribus
1057 2220 1150 2259 locis
1189 2220 1346 2258 Tacitus
1375 2231 1458 2270 per-

184 2290 308 2329 lucide
335 2290 542 2329 indicavit:
570 2303 606 2329 v.
635 2291 734 2329 Ann.
755 2292 786 2341 I,
809 2291 871 2340 75,
901 2292 950 2328 10
977 2291 1184 2342 Propertio
1204 2289 1331 2328 Celeri
1345 2304 1460 2340 prae-

184 2362 302 2409 torio,
338 2361 489 2398 veniam
529 2360 683 2399 ordinis
718 2360 763 2397 ob
793 2366 1069 2411 paupertatem
1099 2360 1261 2409 petenti,
1307 2359 1461 2397 deciens

183 2431 398 2468 sestertium
427 2430 595 2480 laryitus
624 2435 687 2478 est,
718 2429 817 2467 Ann.
846 2429 935 2477 XII,
960 2427 1022 2476 52,
1056 2428 1106 2465 10
1133 2428 1292 2466 laudati
1322 2428 1461 2466 dehinc

186 2499 359 2536 oratione
395 2499 600 2548 principis
636 2498 704 2548 qui
742 2497 787 2535 ob
822 2498 1027 2547 angustias
1052 2496 1289 2546 familiares
1323 2497 1462 2534 ordine

188 2567 382 2605 senatorio
409 2572 541 2618 sponte
571 2567 754 2616 cederent,
785 2567 949 2617 motique
977 2566 1045 2617 qui
1079 2566 1313 2604 remanendo
1347 2566 1460 2617 inpu—
