1693 2981
679 315 888 353 ..19-

144 435 334 483 dederunt
367 433 482 472 utin
520 433 629 472 libris
664 432 819 483 scriptis
852 436 922 471 cst.
977 431 1248 480 Wortbergius
1265 432 1294 481 ¹)
1338 434 1419 470 hor-

144 510 287 543 rentem
318 505 426 543 ‘retro
464 502 653 555 capillum
684 508 898 554 'sequuntur
911 505 989 540 ‚ut'
1007 504 1299 551 transponatur,
1335 512 1419 551 pro-

143 572 283 623 posuit.
309 583 311 585 ’
345 572 523 611 Halmius
566 568 734 621 magnae
754 570 892 610 ¹crucis
927 574 1026 609 ‘nota
1066 571 1212 621 locum,
1254 569 1304 608 de
1346 581 1420 619 quo

143 641 307 691 agimus,
332 641 528 679 instruxit:
558 624 772 679 horrentem
800 640 989 690 capillum
1015 641 1041 687 †
1068 646 1170 678 retro
1197 645 1420 690 sequuntur.

144 709 384 750 Sententiam
396 709 612 759 Horkelius
621 708 654 760 ²)
674 708 737 748 sie*
743 708 1020 759 interpretatus
1034 711 1110 747 est:
1128 707 1419 760 „Bezeiehnend

142 780 203 818 fiir
231 780 306 818 den
336 783 476 818 stamm
503 779 574 817 der
594 778 827 818 Saeven'ist
853 778 915 816 die
947 777 1046 827 sitte,
1075 777 1148 816 das
1177 777 1272 816 haar
1299 777 1420 816 nach

144 849 319 888 hinten
338 847 813 888 'uberzustreichen
841 846 920 886 und
941 850 1061 885 unten
1080 846 1120 885 in
1140 846 1419 900 ein'enknoten

143 917 595 956 zusammenzubinden.“
638 917 810 969 Maxima
826 921 866 955 et
885 917 1092 955 enarrandi
1121 921 1159 955 et
1186 917 1419 955 emendandi

143 987 348 1026 difficultas
375 987 449 1026 hac
475 987 516 1025 in
544 999 585 1026 re
613 986 743 1038 posita
757 989 844 1037 est,
879 986 970 1036 quia
1003 997 1128 1036 neque
1156 986 1262 1037 apud
1288 986 1417 1037 ipsum

143 1056 321 1095 Tacitum
349 1068 473 1105 neque
501 1056 606 1106 apud
634 1056 733 1094 alios
762 1056 970 1106 scriptores
988 1055 1175 1106 temporis
1194 1055 1417 1105 posterioris

143 1129 210 1165 aut
225 1125 355 1165 medii
382 1126 470 1165 aevi
495 1129 675 1176 (quorum
704 1125 899 1164 nonnullis
918 1125 968 1165 ad
986 1124 1115 1164 hocin
1135 1125 1416 1176 perlustrandis

144 1206 300 1245 operam
338 1198 388 1233 et·
412 1195 537 1233 oleum
575 1194 744 1245 perdidi)
786 1194 992 1244 quidquam
1035 1194 1125 1233 huic
1163 1194 1249 1233 loco
1292 1194 1416 1233 simile

144 1264 287 1303 dictum
327 1268 572 1303 narratumve
604 1263 817 1314 invenitur,
852 1275 1085 1313 quamquam
1122 1264 1171 1302 de
1207 1264 1322 1303 flavis
1356 1264 1415 1303 vel

142 1333 267 1370 rutilis
297 1324 575 1371 Germanorum
604 1327 755 1383 capillis
789 1332 996 1382 scriptores
1023 1336 1062 1370 et
1089 1336 1228 1382 poetae
1255 1333 1416 1370 multum

142 1401 315 1440 certatim
356 1401 521 1440 fabulati
566 1405 666 1440 sunt.
720 1401 816 1440 Mihi
851 1401 1006 1451 quidem
1043 1401 1140 1442 haec
1184 1388 1416 1441 emendandi

146 1471 245 1509 ratio
273 1484 350 1509 non
379 1470 634 1521 displicuerit:

333 1541 445 1592 apud
460 1539 617 1580 Suebos
653 1554 770 1592 usque
801 1541 857 1578 ad
892 1542 1074 1579 canitiem
1110 1542 1323 1580 horrentem
1357 1556 1416 1580 ca-

303 1654 305 1656 ·
326 1609 473 1660 pillum
500 1610 772 1650 retrorflum
797 1610 1006 1660 metunt
1035 1624 1084 1648 ac
1110 1624 1226 1661 saepe
1255 1612 1299 1648 in
1326 1612 1416 1661 ipso

275 1708 280 1712 .
331 1679 471 1716 vertice
497 1678 689 1729 religatur
753 1723 759 1730 .

141 1770 189 1774 -—-
220 1758 297 1795 qua
322 1746 471 1790 ratione
499 1746 618 1786 aliam
647 1746 749 1795 haue
777 1746 894 1785 etiam
929 1746 1146 1797 maluerim,
1183 1759 1414 1796 quamquam

139 1815 298 1854 liberius
326 1815 484 1865 paulum
512 1815 582 1865 eis,
611 1827 711 1864 quae
739 1815 890 1856 tradita.
912 1819 1011 1866 sunt,
1041 1816 1217 1855 mutatis:

328 1886 440 1936 apud
459 1885 603 1924 Suebos
631 1899 748 1936 usque
769 1885 825 1924 ad
842 1886 1024 1933 canitiem
1043 1886 1412 1938 horrentecapillo

318 1956 601 1997 >retrorsum
627 1955 995 2006 pexossutuntlu·
1029 1970 1077 1993 ac
1100 1969 1220 2007 saepe
1253 1957 1297 1995 in
1326 1958 1413 2008 ipso

330 2025 469 2062 vertice
497 2024 701 2075 reliqatur.
1393 2040 1408 2047 —

267 2093 328 2132 De
356 2104 531 2132 sermone
559 2092 664 2131 haud
692 2092 881 2136 dissimile
909 2097 969 2132 est
996 2093 1069 2132 hoc
1083 2094 1232 2133 Lucani
1261 2095 1412 2145 (Phars.

138 2161 211 2211 IX,
237 2161 352 2210 652):
382 2163 536 2214 ipsique
563 2168 773 2201 retrorsum
787 2162 918 2215 Effusi
936 2163 1091 2215 faciem
1113 2164 1296 2204 :vitabant
1317 2164 1413 2203 Gor-

136 2245 254 2282 yonos
282 2245 444 2282 anglae-3,
483 2231 529 2271 cf.
565 2231 678 2271 Ovid.
708 2232 796 2271 Met.
825 2233 864 2282 I,
902 2232 980 2272 529
1017 2233 1070 2271 Et
1104 2233 1200 2272 levis
1235 2234 1412 2284 inpulsos

135 2305 238 2338 retro
267 2299 389 2338 dabat
415 2314 517 2339 aura
546 2301 711 2352 capillos
738 2304 776 2339 et
804 2300 852 2340 de
880 2302 1016 2340 utendi
1050 2300 1204 2351 quidem
1238 2301 1357 2341 verbo
1386 2315 1412 2341 a

139 2369 253 2419 nobis
281 2369 321 2409 in
348 2369 472 2409 altera
499 2369 732 2411 emendandi
755 2370 909 2423 ratione
937 2374 1080 2410 statuto
1103 2370 1149 2410 cf.
1169 2371 1280 2410 Caes.
1297 2372 1340 2411 B.
1363 2372 1409 2411 G.

268 2534 292 2575 ¹)
315 2534 342 2565 Ε
365 2534 474 2566 Taciti
496 2532 675 2567 Germania
697 2534 761 2566 loci
785 2537 874 2567 octo.
899 2535 1071 2576 Gryphiae
1096 2535 1179 2568 1823
1201 2546 1234 2576 p.
1249 2536 1278 2566 -8
1301 2546 1351 2577 sq.

265 2588 291 2629 ²)
315 2588 334 2619 Ι.
359 2597 444 2629 emp.
469 2587 541 2620 667.
