1693 2981
719 289 904 325 -4-

166 404 272 443 Satis
293 404 520 454 habeamus,
542 404 609 443 ubi
628 404 723 443 illud
743 416 816 443 usu
835 405 952 454 venit,
981 406 1095 455 plura
1114 406 1293 456 exempla
1312 406 1449 444 afferre

163 474 337 512 locorum
375 477 414 512 et
448 473 573 511 isdem
607 473 786 512 vitiorum
822 474 951 512 causis
987 478 1251 525 corruptorum
1281 478 1318 513 et
1347 474 1448 512 simi-

164 543 252 583 liter
281 542 584 582 emendatorum.
641 543 767 593 Atque
793 543 878 594 ipse
917 543 1073 592 quidem
1112 556 1160 583 ea
1192 543 1312 594 elegi,
1350 555 1449 592 quae

165 612 339 651 nondum
369 612 418 651 ab
448 612 536 651 aliis
565 612 727 651 collecta
753 612 910 663 propria
938 625 963 651 a
989 624 1051 651 me
1087 613 1450 652 commentariorum

167 681 384 721 criticorum
413 681 658 733 potissimum
687 682 980 721 Halmianorum
1001 694 1085 721 cum
1106 682 1267 732 vulgata
1287 682 1449 722 lectione

167 752 372 790 collatione
390 751 567 790 instituta
585 751 670 801 ipse
689 751 853 802 repperi.
889 752 1023 800 Neque
1043 764 1147 801 vero,
1168 755 1210 790 ut
1230 752 1451 791 coniectura

165 820 360 871 probetur,
391 820 532 859 sufficit
549 820 635 870 hoc,
667 820 770 869 quod
795 819 1004 859 similitudo
1025 820 1217 870 quaedam
1236 821 1451 861 intercedat

164 890 265 929 inter
299 890 504 929 lectionem
541 890 726 929 librorum
764 890 992 940 scriptorum
1028 894 1066 928 et
1101 902 1241 928 novam
1278 903 1302 929 a
1335 891 1449 929 nobis

164 958 418 1010 propositam,
475 959 563 998 Duo
608 958 685 998 iam
722 958 911 998 accedant
946 971 1044 1010 opus
1079 962 1155 999 est:
1190 959 1374 1011 primum,
1409 963 1451 999 ut

165 1042 288 1079 nova,
318 1042 434 1079 quam
463 1029 504 1067 in
532 1029 655 1068 verba
683 1029 882 1079 scriptoris
910 1028 1131 1078 inferimus,
1161 1030 1352 1068 sententia
1378 1042 1449 1080 pro

166 1097 308 1137 strictis
336 1097 483 1147 logices
512 1110 558 1137 ac
593 1097 820 1137 dialectices
859 1097 1011 1148 legibus
1049 1098 1219 1148 undique
1253 1108 1455 1150 perpensa·

166 1167 329 1207 consilio
358 1167 431 1206 leci
460 1179 618 1218 prorsus
647 1167 903 1218 respondeat,
932 1172 1011 1206 tum
1041 1180 1152 1217 vero,
1181 1180 1230 1207 ne
1259 1169 1451 1208 vocabula

167 1237 250 1275 sola
279 1249 349 1287 per
378 1249 420 1276 se
458 1237 705 1276 considerata
739 1249 866 1286 neque
903 1242 1066 1276 naturae
1103 1237 1259 1286 linguae
1295 1237 1334 1276 in
1373 1250 1450 1287 qua

166 1318 368 1346 versamur
396 1306 604 1345 universae
639 1317 765 1354 neque
800 1306 959 1356 proprio
995 1306 1192 1356 scriptoris
1229 1318 1341 1355 quem
1375 1310 1449 1345 tra-

165 1379 316 1414 ctamus
344 1375 502 1425 ingenio
532 1375 695 1414 obstent.
752 1375 860 1414 Haec
888 1375 962 1414 tria
991 1375 1024 1413 si
1055 1379 1287 1425 congruant,
1316 1380 1450 1414 nostra

165 1444 238 1484 erit
259 1444 347 1484 laus
371 1448 474 1484 recte
498 1444 712 1484 coniecisse
737 1449 787 1495 et,
816 1444 920 1494 quod
941 1444 1045 1484 idem
1066 1444 1180 1495 valet,
1209 1448 1336 1484 rectas
1360 1457 1447 1484 con·

164 1514 333 1554 iecturas
346 1514 616 1565 proposuisse:
639 1526 729 1553 nam
747 1514 993 1553 coniecturae
1012 1526 1037 1552 a
1055 1499 1279 1553 coniciendo
1296 1527 1449 1553 nomen.

297 1584 584 1623 Tractabuntur
611 1583 652 1622 hi
680 1583 775 1622 loci:
803 1583 904 1621 Ann.
933 1583 958 1621 1.
987 1584 1017 1621 Ι.
1048 1596 1079 1622 c.
1110 1583 1146 1633 8,
1176 1596 1208 1622 c.
1238 1583 1301 1633 68,
1329 1584 1354 1623 l.
1379 1584 1449 1623 III.

167 1666 198 1692 c.
229 1653 299 1703 38,
335 1653 459 1692 LXI.
500 1665 532 1691 c.
571 1652 640 1702 23,
681 1652 781 1691 Hist.
821 1653 844 1690 l.
882 1652 933 1691 11.
974 1664 1005 1690 c.
1045 1653 1112 1703 14,
1152 1652 1280 1691 Germ.
1318 1664 1349 1692 c.
1379 1653 1450 1692 38:

167 1722 309 1772 quibus
337 1722 378 1761 in
406 1722 621 1761 tractandis
650 1734 736 1761 eam
763 1722 958 1774 persecuti
989 1734 1121 1761 sumus
1159 1722 1369 1772 rationem,
1410 1726 1452 1761 ut

168 1804 255 1842 eas,
294 1804 394 1841 quae
432 1792 480 1830 de
518 1791 597 1830 illis
637 1791 734 1830 locis
776 1792 1002 1843 propositae
1044 1795 1152 1841 sunt,
1197 1792 1449 1843 coniecturas,

168 1865 355 1910 quantum
382 1861 598 1912 potuimus,
628 1873 763 1901 omnes
792 1861 1122 1911 congesserimus,
1156 1861 1225 1901 sed
1254 1861 1385 1900 multis
1414 1865 1452 1901 et

167 1927 345 1970 verbosis
375 1943 461 1969 cum
491 1931 565 1980 eis,
595 1931 661 1980 qui
690 1935 781 1969 ante
810 1942 881 1968 nos
910 1931 959 1969 de
988 1930 1046 1968 eis
1075 1930 1328 1980 seripserunt,
1364 1942 1451 1969 con-

169 1999 343 2039 certandi
374 2012 493 2050 opera
522 1999 669 2039 omissa
697 1999 883 2050 optimum
913 1998 1112 2039 refellendi
1133 1999 1288 2038 modum
1309 1999 1451 2039 habue-

168 2069 308 2120 rimus,
346 2073 389 2108 ut
416 2069 495 2108 alia
522 2073 639 2119 atque
667 2082 779 2119 vera,
819 2081 949 2120 sper0,
987 2069 1209 2109 coniectura
1235 2070 1452 2120 proferatur

169 2139 360 2190 expositis
397 2139 659 2188 argumentis,
698 2151 798 2188 quae
833 2143 871 2177 et
905 2138 1138 2189 exponenda
1175 2142 1284 2177 erant
1321 2143 1360 2177 et
1395 2138 1450 2176 in—

168 2208 293 2248 veniri
322 2212 514 2259 poterant.

618 2327 745 2370 Anu.
772 2326 804 2370 1.
832 2328 870 2369 1.
899 2338 941 2370 c.
969 2328 1016 2371 8.

298 2416 359 2454 De
388 2415 446 2455 eis
464 2419 655 2464 narratur,
684 2425 784 2463 quae
801 2414 947 2452 Romae
968 2418 1057 2453 acta
1074 2417 1175 2463 sunt,
1205 2425 1290 2452 cum
1309 2415 1454 2454 Caesar

171 2486 372 2535 Augustus
402 2484 526 2524 Nolae
555 2483 658 2523 diem
688 2494 908 2534 supremum
938 2482 1122 2532 obiisset3
1160 2494 1236 2532 quo
1271 2487 1453 2523 contextu

172 2554 230 2593 sic
258 2558 318 2593 est
344 2554 385 2593 in
413 2553 513 2592 libro
542 2552 738 2592 Mediceo:
