1693 2981
697 322 908 360 —51-

296 439 360 478 Sic
387 439 518 489 potius
545 438 860 488 distinguendum
889 442 967 477 est:

357 509 414 549 ita
456 522 689 560 quamquam
732 521 826 547 novo
869 507 1016 546 homini
1053 508 1267 545 censorium
1294 507 1436 558 funus,

359 577 519 630 effiyicm
555 578 666 629 apud
692 578 833 629 forum
871 576 1039 628 Augusti
1072 576 1235 628 publica
1265 578 1438 628 pecunia

356 652 489 698 patres
521 647 740 691 decrevere:
778 647 890 696 apud
927 660 1019 697 quos
1052 647 1167 683 etiam
1195 652 1274 683 tnm
1302 652 1438 683 cuncta

359 715 642 765 tractabantur,
671 715 770 757 adeo
796 721 838 753 ut
866 729 895 753 e.
924 730 958 767 q.
986 730 1016 754 ε.

168 796 257 822 nam
286 783 446 822 Tacitus
474 783 568 821 illud
595 785 708 835 apud
734 798 827 835 quos
854 785 971 822 ctiam
1007 790 1086 821 tum
1125 790 1260 822 cuncta
1297 790 1437 821 tracta—

169 853 312 890 bantur
344 864 420 890 non
458 850 620 891 relative
656 851 723 891 ad'
743 848 808 901 ea,
846 854 947 901 quac
980 851 1153 902 proxime
1192 851 1437 896 antecedunt,

168 933 322 960 annexa
350 920 458 972 dixit,
488 920 558 960 sed
578 932 735 960 causam
752 920 881 971 potius
898 932 978 970 qua>
992 920 1075 959 fieri
1093 920 1229 972 potuit,
1259 924 1300 958 ut
1320 919 1438 959 etiam

168 989 361 1040 publicum
390 989 573 1029 honorem
601 990 756 1041 publica
785 989 1011 1029 auctoritate
1028 994 1187 1029 senatus
1206 989 1438 1037 decreverim

168 1071 268 1107 quae
301 1058 398 1098 haec
432 1063 532 1109 erat,
571 1058 673 1107 quod
710 1062 848 1097 cuncta
884 1062 976 1097 tunc
1010 1058 1114 1108 apud
1141 1062 1273 1108 patres
1301 1061 1439 1096 tracta-

168 1127 319 1166 bantur.
363 1127 431 1166 Vis
460 1127 674 1166 sententiae
701 1127 741 1165 in
768 1127 958 1165 vocabulo
988 1133 1124 1165 cuncta
1146 1127 1249 1165 inest
1267 1130 1305 1165 et
1323 1128 1440 1165 ctiam

169 1196 322 1244 quidem
351 1208 427 1234 non
456 1196 507 1234 ad
541 1208 658 1234 unum
691 1196 922 1234 vocabulum
955 1203 1035 1234 tum
1069 1195 1251 1245 pertinet,
1287 1195 1356 1233 sed
1389 1195 1440 1233 ad

169 1264 372 1303 coniuncta
399 1264 466 1303 illa
496 1271 576 1303 tum
605 1270 742 1303 cuncta
769 1265 1049 1303 tractabantur.
1106 1263 1440 1314 Interpretandum

167 1333 286 1382 igitur
320 1337 397 1372 est:
437 1335 537 1372 donn
565 1334 626 1372 bei
653 1335 770 1389 ihnen
799 1335 931 1373 warde
959 1337 1010 1385 ja
1046 1334 1200 1372 damals
1235 1333 1331 1372 alles
1363 1347 1442 1372 vcr-

170 1403 327 1440 handen
361 1401 422 1440 vel
440 1446 444 1454 ,
462 1402 522 1440 bei
549 1403 666 1440 iknen
693 1402 866 1440 niimlich
904 1414 981 1440 non
1011 1402 1073 1440 bei
1100 1402 1265 1440 walchen
1291 1402 1353 1440 vel
1384 1402 1445 1440 bei

169 1472 286 1509 ihnen
315 1471 418 1508 aber.
474 1470 565 1508 Arte
594 1469 775 1508 cohaeret
801 1470 908 1508 locus
937 1482 1023 1508 cum
1052 1470 1133 1508 his:
1163 1470 1263 1508 Ann.
1278 1470 1344 1518 IV,
1366 1471 1403 1519 6,
1418 1471 1445 1508 4

170 1541 251 1597 iam
270 1540 443 1591 primum
456 1539 622 1591 publica
638 1541 792 1591 ncqotia
815 1545 850 1577 ct
868 1541 1118 1591 privatorum
1138 1540 1315 1578 maoeima
1332 1540 1445 1595 apud

163 1615 300 1659 patres
327 1609 599 1646 tractabantur
626 1611 665 1646 et
691 1608 790 1645 Ann.
819 1607 843 1645 l.
873 1608 902 1657 Ι,
932 1620 963 1645 c.
996 1608 1045 1646 15
1072 1607 1123 1645 in.
1162 1614 1243 1646 tum
1264 1610 1444 1659 primum

170 1690 188 1714 c
218 1690 356 1728 campo
386 1677 541 1715 comitia
570 1677 625 1714 ad
649 1682 784 1728 patres
812 1676 1005 1715 translata
1034 1682 1145 1714 eunt:
1173 1690 1272 1716 nam,
1282 1677 1337 1714 ad
1360 1689 1443 1714 cam

172 1746 294 1794 diem,
324 1746 396 1784 etei
417 1747 626 1796 potissima
653 1746 821 1783 arbitrio
844 1746 1068 1796 principis,
1098 1746 1290 1796 quaedam
1318 1751 1444 1782 tamen

169 1814 315 1853 studiis
341 1814 513 1861 tribuum
530 1813 691 1863 fiebant.
