1693 2981
773 282 986 323 „20-

239 397 304 446 VI,
324 398 388 446 24,
407 397 432 435 5
461 411 563 436 nunc
589 399 695 449 quod
722 399 767 436 in
789 399 924 437 eadem
943 400 1096 450 inopia,
1123 407 1289 451 eyeetate
1301 402 1516 452 patientia-

237 479 308 518 que
344 465 535 507 Germani
567 473 815 518 permanent,
854 468 984 508 eodem
1012 469 1118 508 victu
1145 475 1181 508 et
1209 470 1316 511 cultu.
1342 471 1518 521 corporis

237 541 398 575 utuntwr
432 538 472 574 et
500 535 595 575 Tae.
624 534 753 575 Germ.
783 547 815 574 ο.
845 535 913 585 28,
951 548 987 574 v.
1021 536 1067 574 11
1103 543 1234 577 uorum
1261 537 1447 579 Araviooi
1474 539 1519 576 in

237 604 488 644 Pannoniam
516 604 567 642 ab
597 604 707 654 Osis,
745 603 1029 647 Germanorum
1052 607 1235 656 ⁴natione,
1273 621 1328 646 an
1364 607 1434 646 Osi
1465 607 1518 645 ab

236 671 424 712 Aravieei
467 673 511 712 in
557 672 812 713 Germaniam
856 675 1213 726 commiqraverint,
1264 690 1350 715 cum
1387 676 1519 716 eodem

237 742 369 780 adhuc
395 755 568 782 sermone
595 743 788 781 institutit
815 743 989 782 moribus
1015 749 1196 792 utantur,
1224 746 1414 784 incertum
1441 751 1520 793 eet,-

238 809 287 849 de
314 809 513 849 sententia
538 813 667 850 autem
696 809 738 849 id
766 809 870 860 quod
897 809 947 850 de
969 813 1124 861 comptu
1144 810 1370 862 capillorum
1392 811 1519 863 priore

237 881 410 928 tempore
438 877 539 917 inter
568 877 673 916 viros
702 877 960 918 Athenienses
989 878 1132 927 usitato
1160 879 1411 929 Thucydides
1432 880 1463 934 ¹l.
1488 880 1517 919 1.

242 958 275 985 e.
305 946 330 985 6
360 948 384 995 ξ
412 946 438 986 3
466 946 656 986 narravit:
685 945 739 990 οὐ
762 945 912 998 πολὺς
930 946 1103 1006 χρόνος
1123 946 1279 1006 ἐπειδὴ
1308 975 1355 979 --
1382 946 1518 992 ἐπαύ-

242 1028 387 1057 σαντο
420 1040 476 1047 -
497 1017 692 1072 χρυσῶν
713 1015 935 1072 τεττίγων
952 1016 1130 1071 ἐνέρσει
1147 1017 1388 1073 κρωβύλον
1411 1014 1518 1060 ἅνα-

238 1081 458 1139 δούμενοι
490 1085 583 1127 τῶν
603 1083 655 1127 ἐν
679 1085 736 1143 τῇ
762 1084 941 1143 κεφαλῇ
969 1086 1152 1143 τριχῶν.
1192 1085 1253 1125 Ad
1281 1084 1402 1126 verba
1420 1098 1519 1138 quae

233 1153 286 1192 ⁴de
307 1153 455 1193 eisdem
474 1153 607 1193 Suibis
627 1153 733 1194 dieta
750 1154 887 1204 paucis
908 1154 1086 1195 versibus
1104 1155 1339 1197 antecedunt
1365 1157 1520 1207 imiqne

236 1223 363 1274 qentie
405 1222 606 1275 obliquare
649 1224 796 1262 crinem
836 1224 1010 1276 nodoque
1049 1224 1313 1276 substringere
1354 1223 1519 1264 Iacobus

238 1290 428 1342 Grimm1)
458 1290 532 1330 hoc
560 1291 749 1331 Martialis
778 1291 925 1343 (spect.
953 1291 978 1330 l.
1006 1292 1044 1343 3,
1074 1292 1116 1343 9)
1145 1291 1326 1332 contulit:

432 1359 622 1400 Crinibue
650 1361 694 1399 in
721 1361 867 1400 nodum
893 1362 1005 1400 tortia
1032 1375 1166 1401 venere
1191 1360 1404 1401 Sicambri.

364 1529 855 1580 Transpositiones,
891 1541 992 1578 quae
1020 1529 1060 1568 in
1090 1529 1345 1580 scriptoribus
1374 1530 1435 1569 ad·
1454 1543 1517 1568 ve-

235 1610 317 1637 ram
347 1609 457 1637 suam
492 1598 655 1638 formam
683 1597 935 1638 restituendis
963 1598 1239 1649 nonnunquam
1273 1598 1518 1639 adhibendae

236 1670 338 1716 sunt,
377 1667 495 1706 statui
522 1667 620 1706 ratio
649 1672 708 1707 est
736 1667 982 1717 emendandi,
1021 1679 1120 1717 quae
1148 1668 1316 1719 priorum
1346 1672 1516 1707 aetatum

236 1735 466 1787 philologos,
500 1735 565 1785 qui
593 1735 672 1775 alia
699 1739 816 1786 atque
844 1735 885 1774 in
912 1735 1039 1776 medio
1067 1735 1193 1786 magis
1220 1736 1349 1787 posita
1375 1740 1516 1776 tracta-

235 1809 340 1855 rent,
382 1805 508 1843 latens
543 1817 568 1843 a
603 1805 884 1844 recentioribus
922 1804 1087 1853 demum,
1117 1804 1303 1844 librorum
1346 1808 1517 1844 veterum

236 1873 452 1913 editoribus
485 1873 641 1913 detecta
677 1873 804 1924 magis
841 1872 1046 1923 magisque
1083 1872 1260 1912 adhibita
1293 1877 1387 1926 est.v
1421 1873 1519 1913 Sunt

236 1947 364 1982 autem
405 1946 586 1992 quattuor
624 1955 789 1991 genera:
826 1945 1130 1993 transponuntur
1163 1942 1267 1981 enim
1295 1942 1374 1981 alio
1402 1947 1517 1991 atque

236 2023 350 2061 quem
392 2011 433 2050 in
478 2010 587 2051 libris
621 2010 779 2062 scriptis
815 2010 962 2051 habent
994 2010 1035 2050 in
1072 2010 1157 2050 loco
1195 2014 1263 2051 aut
1302 2010 1401 2050 nihil
1441 2010 1517 2050 nisi

236 2081 387 2136 litterae
424 2081 618 2130 quaedam
653 2084 720 2120 aut
754 2092 881 2131 pauca
917 2080 1110 2120 voeabula
1143 2084 1212 2120 aut
1237 2080 1406 2131 plurium
1435 2092 1516 2120 ver·
1565 2086 1575 2096 ·

235 2151 372 2190 borum
402 2161 585 2189 numerus
614 2149 682 2189 sed
712 2150 802 2201 ipsa
828 2149 930 2189 inter
944 2140 1000 2189 'se
1028 2161 1127 2197 eum,
1157 2149 1222 2199 qui
1250 2149 1292 2188 in
1319 2149 1517 2189 codicibus

236 2224 306 2271 est,
337 2220 512 2259 ordinem
541 2219 778 2259 servantium
807 2224 875 2259 aut
901 2219 1055 2269 integra
1082 2218 1248 2268 denique
1272 2219 1414 2269 capita.
1461 2221 1518 2259 Ae

235 2289 464 2341 plerumque
492 2288 647 2339 quidem
675 2289 821 2328 factum
851 2292 927 2339 est,
955 2292 998 2328 ut
1024 2288 1146 2328 verba
1173 2290 1240 2327 ant
1265 2285 1365 2327 falso
1393 2292 1516 2328 trans-

237 2358 366 2409 posita
404 2358 565 2409 insuper
607 2361 940 2409 corrumperentur
981 2362 1049 2398 aut
1083 2357 1161 2397 iam
1200 2360 1380 2407 corrupta
1416 2356 1516 2397 falso

236 2427 364 2478 posita
392 2427 470 2466 sint
498 2439 522 2466 a
549 2426 719 2466 librariis
752 2426 1069 2477 rescriptoribus‚
1107 2429 1150 2464 ut
1184 2438 1283 2465 sana
1319 2425 1359 2464 in
1397 2427 1517 2466 verba

240 2504 492 2514 „a-ffl—Q-——0

370 2543 395 2585 ¹)
419 2543 622 2576 Gesehichte
647 2543 707 2576 der
729 2544 918 2577 deutschen
942 2543 1086 2584 sprache
1108 2541 1152 2584 (1)
1174 2552 1207 2584 p.
1230 2543 1294 2576 522
1316 2553 1367 2584 sq.
