1693 2981
806 259 990 296 —5—

451 383 536 414 tum.
546 376 798 414 consultatum
815 377 861 414 de
878 376 1107 424 honoribue;
1131 389 1185 413 ex
1208 375 1316 426 quie
1338 374 1539 411 maccime

450 446 687 496 insiqnes
720 447 824 485 visi
855 451 897 483 ut
919 450 1039 496 porta
1067 442 1305 495 triumphali
1333 443 1539 479 duceretur

438 516 581 567 funus,
614 515 753 555 Gallus
782 514 957 564 Asinius,
989 521 1030 552 ut
1058 514 1184 565 leyum
1213 513 1385 551 latarum
1413 511 1534 561 tituli,

446 587 639 624 victarum
667 585 717 623 ab
746 598 788 622 eo
817 585 987 635 yentium
1015 583 1205 621 vocabula
1233 582 1533 633 anteferrentur,

442 656 485 694 L.
516 654 731 694 Arruntius
760 666 938 692 censuere

252 746 304 751 —
332 729 371 762 et
396 725 454 762 ita
481 723 634 773 plurimi
666 722 875 771 editorum,
914 733 1077 769 quorum
1111 725 1241 759 tamen
1279 719 1456 757 Halmius
1496 723 1534 757 et

251 792 422 831 Ritterus
450 790 845 841 Bezzenbergerum1)
875 790 998 829 secuti
1022 792 1252 839 receperunt
1271 802 1319 826 em
1338 789 1426 839 quis
1450 788 1534 839 qui

252 864 420 900 maxime
440 863 613 912 ineiqnes
635 863 723 909 visi,
740 872 973 909 quamquam
994 858 1171 897 Halmius
1190 872 1237 897 ex
1257 859 1345 909 quis
1364 858 1533 895 maaeime

250 932 424 983 insiqnes
450 932 537 983 qui
565 931 642 970 visi
668 929 784 969 malle
805 940 892 968 sese
910 927 1075 978 adiecit3
1103 926 1377 979 Nipperdcyus
1402 929 1531 965 autem

249 1000 490 1050 Wopkensio
502 1000 532 1049 ²)
562 1004 718 1038 auctore
746 1012 840 1038 usus
869 999 1102 1037 vocabulum
1132 1000 1210 1037 visi
1228 997 1340 1036 uncis
1358 996 1528 1035 seclusit.

249 1068 442 1120 Georgius
471 1069 661 1109 Henricus
690 1068 905 1120 Waltherss)
934 1067 1138 1119 proposuit
1166 1082 1214 1107 ex
1241 1069 1329 1120 quis
1359 1068 1529 1105 maoeime

249 1141 424 1191 ineiqnes
452 1141 608 1189 iussi,
639 1139 813 1177 Heraeus
824 1138 856 1190 4)
886 1153 933 1177 ex
961 1140 1048 1190 quis
1076 1140 1244 1176 ‘maxime
1272 1139 1448 1188 ineiqnes
1478 1137 1529 1174 hi

246 1209 336 1257 visi,
366 1207 558 1246 Henricus
585 1207 804 1257 Woelffel5)
834 1209 944 1246 vice
972 1219 1042 1257 pro
1070 1206 1261 1245 vocabulo
1289 1208 1378 1255 vici,
1416 1205 1526 1243 cuius

245 1280 375 1315 tamen
403 1276 580 1315 lectionis
609 1277 840 1315 sententiam
868 1276 963 1314 mihi
991 1276 1146 1325 quidem
1176 1274 1282 1313 haud
1317 1274 1413 1313 satis
1440 1287 1524 1325 per-

244 1345 418 1395 spicuam
457 1357 545 1384 esse
582 1358 659 1384 non
697 1358 810 1394 nego.
868 1345 946 1384 Sed
984 1345 1063 1384 alia
1097 1357 1255 1395 prorsus
1292 1344 1524 1384 emendandi

243 1414 309 1453 via
336 1415 509 1454 ineunda
536 1419 605 1454 est.
661 1416 712 1454 Et
740 1420 893 1455 constat
931 1428 978 1455 ex
1013 1415 1223 1465 accuratis,
1259 1427 1356 1464 quas
1391 1427 1438 1454 ea
1475 1414 1524 1454 de

246 1496 288 1523 rc
325 1484 513 1523 Aemilius
549 1485 748 1536 Hiibnerff)
784 1485 969 1536 instituit,
1008 1485 1302 1535 quaestionibus
1340 1498 1389 1524 ex
1424 1485 1524 1524 actis

242 1557 402 1592 senatus
431 1554 608 1605 (Tacitus
636 1554 677 1593 in
715 1556 815 1593 Ann.
845 1555 928 1594 XV.
960 1555 1029 1605 74,
1071 1556 1115 1593 11
1155 1557 1309 1607 reperio
1345 1557 1387 1593 in
1425 1570 1520 1594 com-

242 1625 446 1663 mentariis
474 1630 630 1663 senatus
651 1623 737 1675 ipse
757 1636 804 1663 ea
823 1624 967 1663 fontem
990 1624 1179 1676 nominat)
1212 1624 1319 1676 „sive
1338 1637 1362 1663 a
1384 1624 1521 1662 Tacito

241 1692 328 1742 ipso
357 1692 441 1732 sive
469 1693 520 1732 ab
550 1693 634 1732 eius
662 1694 950 1745 auctoribus“⁷)
987 1694 1121 1745 procul
1159 1694 1278 1733 dubio
1316 1707 1363 1733 ea
1397 1695 1521 1745 petita

239 1772 346 1811 esse,
383 1773 482 1810 quae
519 1762 559 1800 in
598 1763 697 1801 Ann.
731 1763 755 1801 l.
792 1764 823 1801 Ι.
860 1776 894 1802 c.
934 1764 957 1802 8
997 1764 1045 1802 de
1087 1764 1299 1802 honoribus
1337 1764 1518 1803 defuncto

239 1830 414 1880 Augusto
438 1831 629 1871 habendis
654 1835 819 1872 tractata
842 1833 1021 1882 leguntur
1031 1833 1074 1884 ⁷).
1123 1834 1181 1872 Ex
1204 1845 1281 1872 uno
1304 1833 1517 1883 eodemque

367 1999 391 2041 ¹)
412 2010 445 2032 v.
461 2001 717 2042 commentarios
733 2002 867 2035 criticos
881 2003 1089 2035 Halmianum
1107 2006 1142 2035 et
1153 2003 1376 2036 Ritterianum
1395 2004 1437 2036 ad
1450 2004 1481 2037 h.
1494 2005 1514 2036 l.

365 2053 391 2095 ²)
415 2064 446 2086 V.
471 2055 525 2087 cd.
547 2055 710 2096 Nipperd.
734 2056 800 2089 vol.
825 2057 851 2089 I.
875 2067 907 2098 p.
931 2057 995 2089 358
1016 2057 1060 2090 ad
1084 2057 1114 2089 h.
1138 2058 1159 2089 1.

364 2106 390 2148 Β)
414 2107 695 2142 Observationum
712 2109 745 2142 in
760 2109 906 2143 Cornelii
925 2112 1035 2144 Taciti
1051 2121 1157 2152 opera
1172 2112 1344 2153 specimen
1361 2113 1512 2145 alterum.

232 2159 327 2192 Halis
352 2159 522 2192 Saxonum
546 2161 630 2194 1827
657 2172 689 2203 p.
712 2163 748 2196 5:

361 2213 389 2254 ⁴)
413 2213 534 2246 Studd.
558 2215 646 2248 critt.
668 2216 694 2248 Ι.
716 2226 750 2257 p.
775 2217 846 2249 174.

360 2265 388 2307 ⁶)
410 2266 674 2302 Emendationes
707 2269 741 2301 in
777 2269 923 2303 Cornelii
953 2271 1060 2304 Taciti
1092 2271 1219 2305 libros.-
1264 2271 1509 2314 Norimhergae

231 2317 325 2350 1856.
345 2329 380 2360 p.
404 2319 435 2351 8.

359 2371 386 2413 ⁶)
409 2372 461 2405 De
478 2376 617 2407 senatus
632 2376 819 2417 populique
834 2378 976 2411 Romani
995 2379 1097 2420 actis;
1120 2380 1210 2412 inest
1232 2379 1266 2412 in
1289 2380 1511 2413 Jahrbucher

225 2424 293 2465 fiir
315 2425 502 2459 classische
519 2427 730 2471 philoloyie,
759 2431 1033 2475 herausqeqeben
1054 2442 1124 2465 von
1147 2433 1272 2477 Alfred
1294 2434 1507 2467 Fleckeisen.

227 2476 367 2511 Dritter
388 2478 723 2522 Supplementband.
747 2483 894 2527 Leipziy
915 2487 1154 2528 1857—1860,
1179 2496 1212 2529 p.
1236 2487 1418 2540 5ῥ7--632,

359 2530 385 2572 “’)
408 2541 440 2564 ν.
463 2532 659 2567 Hiibnerum
681 2535 701 2567 l.
725 2545 752 2568 c.
776 2546 809 2580 p.
833 2538 904 2572 571.
