1693 2981
725 324 911 361 ,6.-

169 438 276 478 fonte
305 439 402 479 haee
432 445 586 491 sumpta
616 452 703 479 esse
732 441 852 489 liquet
865 440 913 490 Γ),
951 451 1050 489 quae
1088 440 1192 491 apud
1229 440 1455 479 Suetonium

169 509 208 547 in
251 509 335 548 vita
375 510 467 548 Divi
505 510 671 559 Augusti
715 522 747 548 e.
790 510 867 548 100
904 509 1042 548 eadem
1082 509 1130 548 de
1171 521 1213 548 re
1255 510 1455 558 leguntur:

173 581 358 629 „senatus
387 582 426 617 et
453 578 494 617 in
522 577 658 617 funere
687 578 862 617 ornando
890 581 929 617 et
956 577 996 615 in
1025 577 1212 616 memoria
1227 577 1455 617 honoranda

169 653 225 680 eo
254 642 420 681 studii
449 643 686 681 certatim
714 654 1026 692 progressus
1055 645 1148 691 est,
1180 646 1221 680 ut
1249 641 1349 680 inter
1377 643 1469 683 alia.
1517 676 1519 679 ⁴

169 710 369 761 complura
397 711 617 749 censuerint
646 710 817 760 quidam,
846 710 961 749 funus
990 706 1225 761 triumphali*
1243 714 1357 761 porta
1385 710 1452 748 du-

170 779 335 819 cendum
364 792 395 819 e.
426 792 461 829 q.
493 779 548 819 s.“
608 765 900 826 Quo'Suetonii
938 780 1024 818 loeo
1054 792 1146 819 usus
1174 780 1296 819 verba
1324 779 1451 818 Taciti

168 848 236 886 illa
264 849 321 887 sie
349 849 532 888 emendo:

361 925 441 957 tum
490 920 748 959 consultatum
795 920 842 957 cle
890 918 1098 958 honoribus
1147 925 1190 956 et
1232 919 1289 958 ut
1338 920 1452 969 quis

362 990 531 1026 maxime
560 987 751 1038 insiqnis,
781 989 872 1035 nisi,
903 994 944 1025 ut
966 994 1087 1038 porta
1116 987 1353 1038 triumphali
1382 988 1450 1024 du-

364 1057 660 1108 cereturfunus.
703 1055 843 1094 Gallus
863 1054 1036 1104 Asinius,
1066 1062 1107 1093 ut
1135 1056 1262 1107 legum
1279 1055 1451 1093 latarum

361 1126 488 1174 tituli,
528 1123 721 1163 victarum
755 1125 805 1162 ab
843 1139 884 1163 eo
920 1126 1092 1175 yentium
1130 1125 1319 1163 vocabula
1347 1131 1449 1162 ante—

349 1195 570 1246 ferrentur,
600 1195 644 1232 L.
675 1194 890 1234 Arruntius
920 1208 1105 1233 censuere.

299 1264 350 1303 Ut
378 1266 465 1316 quis
495 1264 654 1303 solenne
684 1263 862 1302 Tacitino
893 1263 1048 1302 dicendi
1077 1263 1210 1313 generi
1238 1264 1357 1314 est2);
1392 1263 1448 1301 in-

166 1333 320 1371 venitur
341 1333 594 1382 sequentibus
620 1333 806 1382 gradibus
826 1333 1063 1383 superlativo
1084 1338 1122 1371 et
1141 1333 1311 1383 positivo
1331 1333 1447 1371 etiam

166 1402 264 1439 Ann.
286 1402 370 1451 XV,
393 1402 453 1451 73,
474 1402 497 1440 8
528 1404 570 1440 in
598 1409 734 1441 senatu
763 1404 923 1451 cunetis,
953 1409 995 1439 ut
1024 1404 1158 1453 cuique
1181 1403 1447 1453 plurimum

168 1473 369 1520 maeroris,
399 1473 442 1509 in
463 1472 730 1509 adulationem
761 1472 1018 1519 demissis,
1050 1471 1208 1508 Iunium
1227 1470 1448 1509 Gallionem

167 1562 217 1567 —
260 1541 458 1592 increpuit
499 1539 681 1579 Salienus
729 1539 918 1589 Clemens,
968 1539 1218 1589 sequentibus
1261 1538 1447 1588 gradibus

167 1609 434 1659 comparativo
474 1613 512 1647 et
546 1609 717 1659 positivo
758 1611 855 1647 Ann.
885 1610 950 1658 IV,
988 1610 1050 1658 36,
1084 1609 1131 1647 13
1167 1616 1209 1647 ut
1245 1611 1332 1660 quis
1371 1610 1447 1647 de-

166 1670 413 1716 strictior
431 1685 645 1726 aecusator,
665 1679 766 1716 velut
784 1684 1152 1716 sacrosanctus
1172 1684 1266 1727 erat,
1287 1688 1446 1725 sequen-

166 1746 270 1785 tibus
300 1746 487 1796 gradibus
516 1747 685 1797 positivo
717 1752 756 1786 et
785 1747 1050 1797 comparativo
1079 1748 1178 1785 Ann.
1207 1747 1272 1796 IV,
1303 1747 1365 1796 23,
1399 1748 1443 1785 11

168 1823 209 1853 ut
233 1817 501 1867 quisfortuna
522 1819 680 1867 inops,
712 1817 885 1855 moribus
903 1817 1146 1865 turbidus,
1172 1819 1447 1868 promptius

165 1886 339 1935 ruebant,
370 1886 620 1934 sequentibus
652 1886 711 1924 bis
741 1885 927 1935 gradibus
947 1885 1127 1936 positivis
1149 1886 1246 1923 Ann.
1267 1886 1317 1935 ΙΙ,
1339 1886 1401 1935 83,
1425 1887 1444 1923 1

166 1955 339 2005 honores,
370 1961 412 1993 ut
440 1957 527 2007 quis
556 1970 685 1994 amore
715 1958 757 1993 in
779 1956 1056 1994 Germanicum
1086 1961 1155 1993 aut
1186 1957 1340 2007 inqenio
1369 1970 1447 1993 va-

166 2025 331 2073 lidus,
363 2027 557 2075 reperti
586 2027 894 2077 decretique.
937 2025 997 2062 De
1027 2025 1221 2083 adieetiyo
1250 2025 1377 2074 priore
1406 2025 1446 2062 in

166 2105 326 2131 numero
357 2093 557 2142 singulari,
589 2094 636 2131 de
665 2095 784 2132 verbo
814 2098 940 2132 autem
971 2093 1078 2131 finito
1108 2093 1211 2142 quod
1240 2093 1383 2131 dicitur
1407 2094 1446 2130 in

166 2174 327 2201 numero
356 2162 497 2212 plurali
526 2163 653 2213 posito
684 2163 729 2201 cf.
759 2168 912 2213 praeter
941 2164 1040 2200 Ann.
1062 2163 1127 2212 IV,
1158 2163 1220 2212 23,
1254 2163 1297 2200 11
1331 2167 1368 2201 et
1396 2163 1446 2212 ΙΙ,

165 2233 232 2282 83,
275 2234 315 2282 1,
355 2233 460 2271 locos
494 2233 609 2270 modo
646 2232 878 2282 exscriptos,
915 2232 1032 2270 etiam
1069 2232 1167 2270 Ann.
1203 2233 1253 2282 II,
1292 2233 1360 2282 73,
1399 2233 1447 2270 16

165 2309 205 2340 ut
234 2304 322 2354 quis
352 2303 629 2341 misericordia
665 2303 708 2339 in
739 2302 1015 2340 Germanicum
1044 2308 1078 2340 et
1101 2309 1359 2353 praesumpta
1386 2317 1446 2340 su-

163 2373 332 2422 spitione
361 2378 431 2410 aut
448 2372 595 2423 favore
627 2373 668 2408 in
695 2372 879 2409 Pisonem
907 2373 1148 2422 pronior,
1186 2372 1335 2410 diversi
1373 2373 1445 2409 in-

165 2441 594 2491 terpretabantur
630 2444 667 2478 et
703 2440 802 2477 Ann.
832 2440 881 2477 II.
912 2440 974 2489 24,
1007 2440 1052 2478 17
1092 2446 1133 2478 ut
1167 2442 1335 2492 quis-eoe
1369 2441 1446 2479 lon-

175 2513 252 2515 *ἡ
289 2513 597 2575 1)}J2'1fib„erum
621 2537 640 2567 l.
665 2546 692 2568 c.
716 2546 748 2576 p.
773 2536 837 2568 572
859 2536 902 2568 in.

295 2589 321 2633 ²)
344 2599 376 2620 v.
401 2588 587 2621 Betticheri
610 2590 692 2622 Lex.
716 2589 823 2622 Tacit.
847 2600 879 2630 p.
903 2590 980 2621 LIII
1004 2592 1039 2621 et
1062 2600 1088 2622 s.
1112 2600 1143 2622 v.
1174 2591 1225 2623 Ut.
1249 2592 1282 2622 2.
