1693 2981
659 489 928 551 νΙΤΑ;

289 672 405 713 Georg
451 673 679 705 Friedrich
728 674 912 706 Thomae
953 676 1053 706 natus
1094 684 1168 706 sum
1200 675 1285 715 ipsis
1317 674 1430 707 idibus

166 723 403 757 decembribus
420 724 704 757 annih.s.XL11
734 725 1002 758 Francofurti
1025 726 1074 757 ad
1102 726 1303 764 Moenum,
1325 726 1433 758 libera

159 777 193 809 in
225 777 329 816 urbe,
363 779 460 818 patre
494 777 723 811 Friderico
760 778 955 811 Bernhardo
986 778 1185 811 mercatoria
1215 778 1353 820 negotia
1385 777 1432 810 ibi

160 832 295 871 agente,
317 833 423 862 matre
447 829 699 863 Christiana
721 840 740 863 e
763 834 865 872 gente
888 830 1109 875 Glockner3
1132 831 1224 863 illum
1235 831 1432 863 inter-vivos

160 883 269 915 adhuc
291 892 369 915 esse
392 892 596 923 magnopere
618 883 764 924 gaudeo,
787 883 873 916 hanc
895 893 937 916 ex
961 887 1092 924 septem
1105 883 1226 916 abhinc
1237 884 1334 916 annis
1347 893 1432 915 mor-

160 938 251 968 tuam
274 935 373 968 valde
398 935 506 967 doleo.
551 935 716 969 Parentes
740 939 879 969 secutus
891 936 1109 977 evangelicae
1120 934 1200 968 fidei
1222 936 1432 968 Luthera-

159 997 302 1020 norum
332 987 524 1028 adscriptus
554 998 638 1021 sum.
690 988 811 1021 Primis
842 998 931 1030 quae
960 991 1040 1021 sunt
1066 988 1206 1029 puerilis
1236 988 1432 1028 disciplinae

159 1041 335 1073 elementis
358 1040 391 1072 in
414 1040 547 1081 privato
571 1041 716 1082 quodam
740 1041 890 1074 discendi
912 1042 992 1074 ludo
1016 1041 1168 1074 imbutus
1196 1041 1275 1073 inde
1304 1040 1346 1073 ab
1377 1051 1433 1073 au·

158 1095 273 1124 tumno
298 1093 373 1124 anni
395 1092 427 1124 h.
451 1102 478 1125 s.
503 1093 547 1124 LI
580 1102 643 1133 per
669 1093 786 1126 decem
816 1103 977 1126 annorum
1007 1097 1043 1126 et
1069 1093 1234 1126 m'ensium
1265 1103 1326 1126 sex
1356 1102 1432 1134 spa-

158 1145 240 1178 tium
281 1145 448 1187 gymnasii
489 1145 743 1178 Francofurtani
784 1146 962 1187 disciplina
1001 1156 1084 1179 usus
1125 1156 1214 1187 sum,
1255 1145 1312 1178 ubi
1351 1149 1432 1187 post

160 1198 371 1231 Voemelii
412 1202 572 1230 autumno
606 1199 683 1230 anni
715 1199 747 1230 h.
783 1209 810 1231 s.
844 1200 923 1232 LIII
956 1200 998 1232 de
1039 1202 1209 1241 rectoratu
1242 1200 1429 1232 discessum

159 1250 331 1285 Classen
355 1254 391 1284 et
408 1251 663 1284 Fleckeisen
685 1251 807 1285 studiis
819 1252 938 1284 artium
949 1252 1112 1285 bonarum
1124 1255 1312 1293 praeerant.
1335 1252 1428 1284 Vere

159 1305 236 1336 anni
258 1305 290 1336 h.
320 1314 346 1337 s.
374 1304 468 1336 LXII
500 1304 703 1337 maturitatis
734 1305 963 1338 testimonium
994 1307 1197 1338 consecutus
1228 1305 1431 1337 academico-

157 1367 229 1389 rum
252 1357 373 1389 civium
396 1357 428 1388 in
451 1367 624 1389 numerum
646 1357 885 1390 Universitatis
908 1358 1036 1399 Regiae
1059 1357 1227 1398 Georgiae
1251 1357 1430 1399 Augustae

158 1420 220 1451 per
242 1410 309 1442 duo
332 1410 517 1450 semestria‚
540 1419 602 1451 per
623 1413 784 1452 quattuor
805 1411 883 1444 inde
907 1411 1082 1444 semestria
1103 1410 1342 1443 Universitatis
1363 1409 1432 1442 Lit-

159 1466 306 1496 terarum
329 1463 531 1495 Fridericiae
554 1463 751 1496 Guilelmiae
773 1464 955 1497 Rhenanae
977 1464 1067 1496 iuste
1088 1464 1306 1505 legitimeque
1317 1473 1432 1503 recep-

159 1519 215 1548 tus
238 1515 298 1548 fui.
343 1516 463 1557 Itaque
486 1516 573 1548 inter
595 1519 666 1548 tres
688 1516 763 1549 illos
786 1526 892 1549 annos
916 1517 1008 1548 viros
1021 1516 1134 1548 audivi
1153 1516 1274 1548 hosce:
1298 1516 1433 1548 Ernst

160 1569 490 1609 Curtius,1ahn‚
514 1579 595 1601 von
609 1569 816 1610 Leutsch,
840 1569 1010 1602 Ritschl
1034 1569 1144 1610 (euius
1164 1568 1316 1602 eiusdem
1330 1567 1430 1600 bene-

159 1622 308 1653 volentia
330 1621 454 1653 factum
477 1625 540 1662 est,
563 1625 601 1654 ut
621 1631 684 1662 per
704 1622 766 1655 bis(
790 1631 851 1655 sex
878 1631 1013 1654 menses
1043 1622 1156 1654 socius
1185 1621 1306 1654 fuerim
1336 1630 1430 1653 exer-

159 1673 353 1705 citationum
386 1674 676 1715 epigraphicarum
709 1675 751 1707 ab
792 1675 867 1716 ipso
905 1674 1132 1715 privatissime
1165 1673 1429 1714 institutarum),

159 1727 354 1768 Sauppe,
384 1726 615 1767 Wieseler‚
639 1727 681 1761 de
704 1727 916 1769 antiquitatis
937 1719 1290 1767 studiis—Delium*
1312 1726 1430 1767 Diez,

159 1780 353 1812 Monnard
396 1779 438 1812 de
482 1780 704 1812 recentiorum
748 1781 936 1822 linguarum
977 1783 1013 1812 et
1053 1790 1118 1812 usu
1158 1782 1194 1812 et
1225 1779 1346 1811 litteris
1389 1796 1428 1801 -

158 1833 356 1866 Wilhelm
389 1833 543 1865 Mtiller
583 1833 626 1866 de
669 1833 782 1874 prisco
814 1842 969 1867 sermone
999 1832 1190 1875 germanico
1219 1831 1331 1875 (cujus
1364 1832 1431 1864 ele-

157 1889 280 1926 menta,
303 1895 376 1918 cum
399 1886 465 1917 iam
488 1886 577 1918 domi
600 1895 723 1927 essem,
751 1886 887 1918 Franz
917 1886 1026 1918 Roth
1055 1888 1156 1918 antea
1176 1895 1229 1918 ms
1253 1885 1430 1926 docuerat)

159 1957 197 1962 -
220 1938 406 1971 Brandis
430 1940 466 1970 et
486 1938 694 1984 Eeinrich
717 1939 861 1971 Ritter
882 1939 925 1971 de
941 1937 1430 1980 philosophia—Springer

158 1993 200 2025 de
223 1992 364 2025 historia
382 2010 423 2017 >—
446 1991 741 2025 Breidensteiu
764 1992 806 2027 de
829 1992 958 2026 musica
979 2010 1019 2015 —
1042 1991 1255 2024 Troschel
1277 1990 1424 2032 denique

158 2046 201 2082 de
223 2045 364 2077 historia
385 2044 536 2076 naturali.
581 2045 743 2085 Tempus,
766 2045 858 2086 quod
887 2045 976 2078 inter
997 2054 1058 2077 ver
1080 2044 1157 2076 anni
1178 2044 1279 2077 huius
1302 2043 1428 2077 saeculi

157 2098 250 2131 LXV
279 2100 315 2130 et
346 2107 422 2130 eum
454 2106 523 2138 quo
552 2096 636 2130 haec
665 2096 853 2130 scribebam
881 2097 971 2131 diem
993 2097 1158 2138 interest,
1190 2096 1311 2138 partim
1339 2095 1428 2128 domi

157 2151 278 2192 partim
299 2151 437 2183 Bonnae
461 2150 541 2192 degi
562 2150 715 2191 privatus
737 2151 894 2193 privatim
915 2151 949 2183 in
980 2150 1102 2184 studiis
1131 2149 1302 2184 doctrinae
1329 2158 1426 2182 occu-

157 2206 269 2245 patus.
