1693 2981
771 306 984 344 ,10-

232 422 300 460 illi
329 429 467 460 cuncta
495 436 514 460 e
533 424 658 461 muris
688 429 879 462 cernentes
908 424 1085 463 omnibus
1100 426 1227 475 portis
1241 432 1514 476 prorumpunt,

230 489 279 528 cf.
309 490 425 540 Verg,
454 490 551 529 Aen.
581 491 636 540 X,
674 491 752 529 379
788 492 896 530 Haec
931 494 990 530 ait
1019 499 1053 531 et
1081 494 1234 533 medius
1264 494 1399 533 densos
1422 508 1515 545 pro-

229 561 453 611 rumpit-in
483 560 626 610 hoste⁸;
654 559 702 599 de
731 560 798 598 illo
816 561 946 612 foecis
975 562 1145 600 iniciunt
1174 569 1298 602 crates
1325 564 1424 601 Ann.
1448 563 1514 612 IV,

228 629 291 679 51,
327 629 352 667 3
387 630 572 681 virgultis
604 636 638 668 et
667 630 840 669 cratibus
868 637 903 669 et
931 631 1160 682 corporibus
1188 634 1384 671 eoeanimis
1420 647 1514 671 com-

223 699 336 750 plere
355 699 514 751 fossae,
552 698 599 738 cf.
631 689 742 739 Caes.
772 700 815 739 B.
846 699 893 739 Gr.
922 700 1008 750 VII,
1048 700 1110 750 86,
1141 699 1165 739 5
1194 715 1336 753 ayqere
1365 708 1399 740 et
1428 717 1511 741 cra-

228 770 332 809 tibus
350 771 490 822 fossae
507 771 672 822 explent,
702 770 782 808 ibd.
802 770 886 820 VII,
908 770 971 820 58,
996 770 1014 807 1
1040 770 1213 810 cratibus
1237 777 1350 823 atque
1374 785 1515 823 a99ere

226 840 416 891 paludem
444 840 611 891 eoeplere,
640 839 720 878 ibd.
753 840 836 889 VII,
866 840 928 890 79,
958 840 985 878 4
1012 841 1172 892 fossam
1210 841 1386 880 cratibus
1421 843 1513 880 inte-

228 915 326 960 9unt
353 915 465 961 atque
493 924 637 961 aqqere
663 910 830 961 ewplent,
860 909 1033 948 Frontin.
1065 909 1231 958 Strateg.
1260 911 1291 960 Ι,
1321 910 1357 960 5,
1387 910 1411 948 5
1444 910 1513 949 Cn.

228 978 441 1029 Pompeius
469 980 688 1017 Brundisii
715 981 803 1018 vias
832 980 1038 1017 intercidit
1055 980 1184 1030 fossis
1206 993 1343 1031 easque
1361 981 1515 1030 operuit

230 1047 416 1086 cratibus.
472 1047 622 1086 Inicere
667 1047 834 1097 denique
877 1047 982 1098 apud
1027 1047 1205 1086 Tacitum
1249 1051 1308 1086 est
1349 1047 1433 1086 loco
1477 1052 1515 1086 et

229 1115 376 1154 omisso
407 1120 444 1155 et
473 1117 676 1156 adiuncto:
706 1130 742 1155 v.
772 1117 871 1155 Ann.
900 1117 1011 1167 XIII,
1048 1117 1111 1167 57,
1148 1119 1196 1156 21
1217 1119 1396 1169 flammis
1422 1132 1513 1169 pro-

227 1187 322 1236 pius
349 1188 550 1237 suqqressi
580 1188 657 1225 ictu
677 1187 853 1238 fustium
881 1188 1048 1239 aliisque
1076 1187 1298 1227 verberibus
1327 1194 1369 1226 ut
1395 1188 1513 1240 feras

229 1256 516 1294 absterrebant:
539 1264 737 1307 postremo
765 1260 937 1308 tegmina
967 1259 1125 1308 corpori
1155 1259 1315 1308 derepta
1346 1259 1514 1295 iniciunt

230 1328 268 1362 et
295 1325 395 1363 Ann.
425 1325 511 1375 XV,
544 1325 604 1375 16,
635 1326 659 1363 2
688 1331 730 1364 ut
759 1327 908 1365 horreis
939 1328 1067 1377 iynem
1095 1328 1294 1376 inicerent,
1324 1325 1424 1364 Hist.
1447 1326 1512 1375 IV,

230 1394 293 1442 60,
326 1395 373 1432 17
406 1396 576 1446 direptis
605 1397 745 1434 castris
763 1397 882 1447 faces
910 1397 1093 1434 iniciunt.

560 1527 686 1570 Ami.
717 1528 749 1570 1.
777 1528 865 1570 111.
895 1539 936 1570 c.
966 1528 1036 1570 ³8
1066 1530 1190 1570 extr.

230 1611 432 1650 Editiones
469 1616 561 1661 quot
596 1613 739 1651 contuli
777 1613 917 1651 librum
946 1613 1162 1652 Mediceum
1192 1616 1347 1651 secutae
1377 1624 1511 1651 omnes

230 1681 285 1718 sic
314 1681 476 1719 habent:

423 1751 628 1801 urbemque
657 1751 989 1801 Philippopolim,
1025 1765 1050 1787 a
1079 1751 1291 1788 Macedone
1318 1750 1511 1800 Philippo

422 1821 587 1869 sitam,
618 1820 911 1859 circumsidunt.

358 1888 509 1937 Nescio,
539 1898 667 1926 nonne
696 1888 941 1926 scribendum
972 1888 1041 1925 sit:
1290 1912 1298 1916 -

421 1957 627 2008 urbemque
656 1957 992 2008 Philippopolim,
1022 1971 1047 1993 a
1076 1957 1289 1994 Macedone
1317 1956 1511 2006 Philippo

422 2024 648 2077 poflitam,
678 2027 971 2065 circumsidunt.

359 2094 444 2132 Non
473 2094 612 2143 ignoro
642 2094 759 2132 etiam
788 2098 967 2142 quattuor
987 2094 1092 2131 locos
1112 2092 1160 2131 de
1180 2093 1369 2130 vocabulo
1393 2094 1511 2130 situm

228 2162 377 2201 verbali
407 2174 492 2201 cum
521 2167 660 2202 natura
688 2176 713 2202 a
732 2163 869 2202 Tacito
894 2166 1082 2212 usurpato
1104 2165 1348 2211 comparatos
1369 2173 1456 2200 esse
1469 2162 1510 2211 ¹).

230 2232 309 2270 Sed
338 2232 517 2270 omnibus
545 2233 596 2271 ad
625 2243 742 2270 unum
780 2231 858 2270 illis
892 2231 989 2270 locis
1024 2230 1263 2269 conditorum
1302 2231 1460 2269 nomina
1487 2243 1511 2269 a

229 2301 415 2350 scriptore
445 2302 591 2339 omissa
614 2305 713 2350 sunt,
742 2305 785 2339 ut
814 2304 954 2338 natura
982 2300 1161 2339 vocabuli
1183 2300 1286 2338 illius
1316 2300 1417 2338 inter
1445 2300 1510 2338 ad-

229 2369 412 2408 iectivum
443 2374 480 2408 et
501 2369 750 2420 participium
774 2369 910 2408 eodem
933 2380 1016 2419 usu,
1046 2380 1122 2418 quo
1145 2381 1285 2418 graece
1308 2367 1512 2424 κείμενος

229 2439 333 2477 haud
357 2452 445 2477 raro
469 2439 617 2489 dicitur,
647 2439 776 2477 media
793 2439 871 2477 iam
892 2439 1079 2477 interesse
1100 2438 1295 2477 videatur:
1325 2438 1424 2476 Hist.
1440 2438 1510 2486 ΠΙ,

362 2577 385 2617 ¹)
409 2587 439 2609 v.
463 2577 716 2609 Boetticherum
740 2576 772 2607 in
798 2576 878 2608 Lex.
901 2577 980 2608 Tac.
1006 2586 1032 2608 8.
1057 2586 1088 2607 v.
1112 2576 1220 2608 Situs.
