1693 2981
706 307 754 312 -
784 285 835 323 29
863 308 916 312 -

175 401 390 440 sententiae
418 401 547 439 oeulis·
568 401 793 440 aberrantes
820 401 1027 452 improvidi
1058 401 1175 440 delati
1203 401 1291 441 sint.
1334 402 1445 448 Quod

175 474 443 519 argumentum
479 482 595 526 quam
631 471 681 510 sit
713 471 920 521 lubricum,
957 471 1121 522 simplici
1163 471 1448 510 demonstratur

175 551 419 578 numerorum
447 540 543 579 inita
569 541 882 580 ratiocinatione:
911 544 1014 579 totus
1042 540 1143 578 enim
1164 540 1332 579 omnium
1349 552 1449 589 quae

175 609 280 660 apud
308 609 468 648 Latinos
497 614 587 649 sunt
613 611 825 649 litterarum
855 610 949 648 ordo
979 621 1166 648 summam
1202 609 1368 660 complet
1395 610 1449 648 vi-

177 678 273 728 ginti
302 679 416 718 trium
444 679 709 719 adnumeratis
737 679 873 718 litteris
908 679 1061 718 duabus
1090 678 1252 717 Graecis
1285 694 1312 730 y
1347 683 1385 717 et
1419 694 1449 728 z,

176 758 274 795 quae
302 759 387 785 cum
416 748 521 797 apud
550 748 647 786 alios
674 747 891 798 scriptores
925 748 1087 786 Latinos
1122 751 1202 785 tum
1235 747 1340 797 apud
1377 748 1451 785 Ta—

176 816 293 855 citum
320 816 518 856 rarissime
547 821 766 867 occurrunt,
785 817 946 868 >quippe
981 817 1046 867 qui
1076 817 1227 856 Graeca
1260 816 1452 855 vocabula

176 886 350 924 consulto
377 885 514 936 fugiat,
545 885 775 925 familiarem
803 886 1054 936 vulgaremve
1083 890 1121 925 et
1148 886 1271 925 levem
1301 890 1339 925 et
1367 897 1448 925 eru-

176 955 334 994 ditionis
369 955 664 995 ostentationem
697 957 890 1005 quandam
926 969 1020 1006 prae
1056 968 1098 994 se
1125 955 1312 994 ferentem
1342 968 1451 994 usum

176 1036 307 1062 eorum
336 1024 545 1063 arbitratus
557 1021 627 1075 ι)ε,“
646 1037 806 1074 quarum
835 1025 975 1073 viginti
1003 1025 1116 1062 trium
1145 1024 1356 1063 litterarum
1385 1036 1448 1062 vo—

177 1092 293 1143 cales,
322 1104 422 1142 quae
449 1093 640 1144 dicuntur;
669 1098 758 1133 sunt
785 1106 866 1143 sex,
895 1097 1154 1133 consonantes
1173 1093 1450 1144 septendecim.

177 1162 357 1201 Continet
383 1163 462 1201 iam
480 1170 581 1201 ‘vcro
611 1174 745 1201 versus
774 1157 1035 1212 unusquisque
1064 1163 1245 1201 editionis
1274 1163 1452 1201 Ritteria-

177 1243 251 1271 nae
280 1232 332 1280 (a.
365 1232 483 1282 1864)
512 1231 661 1271 litteras
689 1232 962 1281 quadragenas
991 1244 1118 1282 senas,
1147 1232 1275 1271 medio
1292 1244 1452 1271 numero

176 1301 316 1351 posito,
345 1301 445 1339 adeo
472 1305 514 1339 ut
541 1301 602 1339 bis
629 1301 831 1339 minimum
859 1301 1034 1350 singulas
1060 1301 1209 1340 litteras
1236 1301 1364 1340 redire
1391 1313 1454 1340 ne-

177 1382 286 1409 cesse
320 1370 386 1420 sit,
425 1370 458 1409 si
495 1383 543 1409 ea
577 1382 656 1420 qua
690 1370 730 1409 in
773 1370 970 1410 discendis
1012 1370 1275 1419 docendisque
1316 1371 1454 1409 litteris

176 1439 318 1477 utimur
357 1439 478 1478 series
514 1439 735 1478 instituitur.
792 1439 969 1478 Redeunt
1001 1443 1131 1477 autem
1165 1451 1317 1489 revera,
1354 1451 1453 1488 quae

176 1508 450 1547 vocabulorum
482 1508 686 1547 latinorum
713 1512 853 1547 natura
879 1512 958 1558 est,
986 1508 1105 1547 multo
1130 1505 1304 1559 saepius:
1332 1509 1452 1548 veluti

177 1578 277 1616 redit
303 1578 343 1615 in
368 1578 433 1636 ed.
462 1578 551 1615 Ritt.
580 1590 618 1627 p.
639 1578 719 1615 225
747 1589 847 1616 vers.
877 1578 925 1615 27
956 1577 1084 1616 littera
1111 1579 1126 1615 l
1152 1581 1221 1627 ter,
1249 1578 1328 1616 ibd.
1349 1590 1385 1616 v.
1405 1579 1452 1616 12

177 1646 304 1686 littera
338 1653 353 1685 t
388 1646 535 1696 sexies,
572 1646 652 1685 ibd.
688 1659 725 1684 v.
762 1647 786 1684 8
821 1646 945 1685 littera
980 1662 1000 1686 ε
1028 1646 1189 1697 septies,
1227 1647 1306 1686 ibd.
1337 1660 1372 1686 v.
1405 1648 1453 1685 12

178 1717 304 1755 littera
339 1719 355 1755 i
390 1716 529 1761 octies,
562 1716 641 1754 ibd.
670 1728 706 1754 v.
738 1716 787 1753 13
814 1716 944 1754 littera
970 1731 995 1754 a
1023 1716 1158 1754 novies
1186 1721 1257 1754 cet.
1313 1717 1452 1765 Liquet

177 1785 295 1833 igitur
339 1796 452 1833 quam
498 1784 578 1823 sere
611 1788 733 1829 totum
768 1796 893 1835 paene
935 1784 986 1822 sit
1027 1789 1200 1822 nostrum
1234 1784 1299 1822 illo
1341 1797 1452 1834 argu-

177 1858 306 1893 mento
349 1853 544 1905 adhibito,
586 1866 837 1903 quaecunque
879 1854 1051 1905 placent,
1094 1854 1195 1893 inter
1231 1855 1352 1893 verba
1379 1856 1453 1894 Ta-

179 1924 243 1962 citi
280 1924 536 1973 interponere.
591 1925 636 1961 In
676 1923 824 1961 lacunis
866 1924 1082 1962 statuendis
1125 1923 1220 1962 haee
1261 1924 1361 1962 ratio
1397 1924 1451 1962 in-

179 1993 307 2032 eunda
324 2005 410 2032 esse
432 1992 528 2031 mihi
556 1992 721 2042 videtur,
751 1997 793 2030 ut
821 1996 939 2031 tunc
966 1992 1104 2031 modo
1135 1997 1452 2043 statuantur,

179 2063 221 2100 si
264 2062 487 2111 scriptor
527 2049 692 2100 omnia
733 2074 807 2111 ea,
862 2073 989 2110 quae
1037 2062 1211 2100 dicere
1263 2063 1454 2112 potuit,

180 2131 331 2169 etiam
375 2130 548 2169 dicere
585 2134 795 2169 coactus
832 2129 952 2180 fuit,
990 2134 1041 2169 ut
1078 2142 1205 2169 sana
1241 2131 1369 2170 insit
1405 2132 1453 2169 in

181 2199 356 2238 verbis
385 2199 660 2237 sententia.
705 2199 918 2237 Tacitus
947 2203 1130 2249 autem,
1160 2212 1454 2249 quamquam

180 2280 367 2317 genere
395 2267 603 2306 dicendi
639 2268 802 2306 utitur
837 2268 994 2306 denso
1028 2280 1083 2306 ac
1120 2268 1222 2306 sibi
1257 2280 1455 2318 semper

151 2325 410 2376 ‘instante
447 2340 494 2375 et
531 2335 705 2374 brevis
743 2348 857 2375 esse
895 2336 1121 2385 laborat,
1160 2340 1454 2375 nontamen

314 2496 338 2536 ¹)
360 2506 392 2528 v.
416 2496 670 2539 Nipperdeyum
691 2495 724 2530 in
749 2495 802 2528 ed.
826 2505 857 2528 v.
879 2496 895 2527 I
923 2504 955 2541 p.
988 2495 1136 2528 XXXIH
1167 2498 1203 2528 et
1232 2495 1393 2530 Haasium
1422 2505 1455 2529 v.

180 2550 206 2585 Ι.
230 2560 263 2594 p.
287 2550 330 2582 LI
354 2559 405 2593 sq.
