1693 2981
299 732 339 801 P
342 761 526 811 hilologia
553 765 613 800 est
640 760 778 799 eadem
808 764 923 809 atque
950 758 1131 798 historia:
1160 771 1252 797 nam
1279 758 1320 797 in
1341 770 1452 809 prae-

171 832 366 872 teritorum
395 835 609 881 temporum
639 829 826 868 memoria
854 833 1014 879 utraque
1043 832 1220 867 versatur
1247 827 1454 878 disciplina

172 906 210 939 et
236 901 344 949 talia,
373 899 502 948 qualia
529 911 620 937 vere
648 898 792 936 fuerint
817 898 897 947 illa,
927 898 978 936 ad
1006 896 1209 939 veritatem
1239 900 1278 935 et
1298 895 1454 935 investi-

172 969 291 1019 gandi
321 973 359 1008 et
386 967 631 1008 describendi
649 979 789 1006 munus
810 966 888 1006 sibi
908 966 1071 1017 sumpsit
1088 965 1259 1015 historia,
1290 965 1455 1021 sumpsit

171 1038 394 1089 philologia.
437 1039 561 1087 Atque
583 1037 797 1087 philologia
818 1049 918 1086 quae
938 1035 1076 1075 dicitur
1104 1035 1270 1074 classica
1299 1035 1451 1084 quidem

173 1107 249 1146 duo
279 1107 353 1146 sibi
383 1106 500 1146 habet
526 1105 688 1146 fontium
717 1117 882 1155 genera:
921 1105 951 1144 Ι.
981 1108 1230 1144 monumenta
1256 1103 1324 1143 illa
1360 1103 1451 1144 inde

174 1189 222 1217 ex
263 1177 492 1227 antiquitate
533 1177 585 1215 ad
618 1179 792 1215 nostram
826 1179 992 1214 aetatem
1033 1175 1206 1225 perlata,
1248 1175 1298 1213 11.
1334 1174 1454 1214 libros

173 1245 408 1284 Graecorum
438 1248 476 1283 et
501 1245 761 1283 Romanorum
790 1244 966 1294 scriptos.
1014 1244 1118 1282 Viris
1147 1243 1284 1282 litteris
1312 1242 1453 1281 deditis

171 1314 291 1363 igitur
317 1313 385 1353 illa
413 1318 538 1352 utrum
567 1325 658 1352 vere
686 1313 845 1363 antiqua
874 1326 924 1352 an
953 1313 1155 1364 supposita
1183 1312 1260 1352 sint
1282 1324 1456 1363 perscru-

172 1383 294 1421 tanda
323 1386 361 1421 et
388 1382 439 1421 ad
467 1382 575 1431 leges
603 1386 784 1432 artesque
821 1382 1067 1433 philologieis
1104 1381 1243 1420 studiis
1276 1381 1456 1433 proprias

175 1445 393 1490 enarranda
431 1455 535 1500 sunt,
575 1451 616 1489 hi
648 1464 740 1490 vero
778 1451 1022 1501 potissimum
1061 1464 1108 1490 ea
1142 1451 1266 1490 forma
1302 1451 1454 1501 edendi,

176 1532 252 1570 qua
280 1522 330 1559 ab
358 1519 455 1570 ipsis
484 1519 733 1571 scriptoribus
769 1520 952 1570 confecti,
988 1532 1064 1570 qua
1101 1520 1152 1559 ab
1187 1520 1286 1571 ipsis
1322 1532 1454 1559 eorum

173 1589 400 1639 aequalibus
437 1589 526 1628 lecti
566 1589 686 1629 fuisse
729 1589 913 1629 censendi
955 1594 1055 1628 sunt.
1117 1589 1163 1628 Id
1205 1594 1334 1629 autem
1377 1602 1453 1628 non

172 1658 288 1712 facile
316 1671 402 1698 esse
430 1658 604 1710 perfectu
630 1659 692 1698 vel
720 1671 797 1698 non
819 1659 972 1711 ,peritus
991 1658 1097 1698 haud
1117 1659 1336 1709 negaverit:
1365 1672 1456 1698 nam

171 1733 326 1779 praeter
344 1728 429 1779 hoc,
450 1729 552 1778 quod
569 1729 656 1780 ipsa
677 1729 904 1780 scriptorum
923 1730 1101 1780 exempla
1117 1741 1194 1768 non
1212 1730 1263 1768 ad
1283 1734 1455 1768 nostram

173 1798 399 1837 memoriam
426 1798 685 1849 pervenerint,
713 1798 801 1838 libri
829 1802 1043 1849 temporum
1071 1799 1213 1838 iniuria
1232 1812 1309 1838 non
1332 1812 1456 1850 parva

171 1866 419 1906 incommoda
457 1871 688 1917 acceperunt
725 1871 762 1906 et
798 1867 959 1906 multum
996 1867 1173 1918 rescripti
1208 1867 1453 1907 librariorum

173 1935 423 1985 neglegentia
442 1940 480 1975 et
498 1936 721 1985 ignorantia
737 1936 827 1975 inde
847 1936 897 1975 ab
920 1936 1199 1986 antiquissimis
1216 1937 1454 1988 temporibus

173 2004 325 2042 mendis
354 2005 615 2054 cuiuscunque
644 2005 799 2054 generis
827 2005 922 2044 locis
950 2005 1298 2045 innumerabilibus
1317 2007 1455 2069 repleti

173 2076 211 2112 et
239 2073 442 2124 depravati
461 2079 567 2114 sunt:
594 2074 663 2113 illa
684 2086 777 2124 ergo
796 2074 939 2114 menda
959 2075 1166 2115 emendare
1185 2075 1285 2115 inter
1303 2088 1459 2115 summa

172 2142 275 2182 haud
316 2144 431 2183 dubie
467 2156 553 2184 esse
589 2144 705 2183 debet
738 2144 1021 2195 philologorum
1060 2157 1221 2184 munera
1248 2150 1287 2184 et
1315 2146 1458 2184 summi

171 2218 273 2251 certe
302 2213 465 2263 quisque
501 2214 567 2263 qui
600 2212 756 2252 fuerunt
789 2213 978 2264 philologi
1011 2214 1051 2252 in
1087 2214 1188 2253 hanc
1225 2214 1454 2264 disciplinae

170 2285 319 2331 partem
348 2294 373 2320 a
399 2282 682 2331 tot'tantisque
710 2286 912 2332 tantopere
939 2283 1175 2332 neglectam,
1216 2283 1453 2332 despectam,

169 2349 387 2400 opprobriis
429 2354 627 2389 oneratam
670 2362 747 2389 non
785 2351 942 2390 minime
978 2350 1245 2390 incubuerunt.
1312 2351 1453 2390 Multos

169 2418 274 2457 locos
311 2419 502 2468 singulari
540 2419 848 2458 doctissimorum
883 2420 1051 2458 virorum
1093 2419 1308 2469 sagacitate
1351 2424 1454 2459 reete

170 2488 395 2527 emendatos
431 2500 518 2527 esse
556 2492 727 2537 constat3
765 2489 877 2527 multi
914 2488 1146 2527 emendandi
1178 2488 1258 2528 iam
1294 2494 1457 2536 restant,

169 2556 302 2606 Itaque
338 2557 625 2608 opportunitate
664 2557 795 2596 oblata
831 2570 973 2608 operae
1007 2558 1172 2609 pretium
1202 2558 1295 2597 mihi
1326 2558 1450 2597 visum
