1693 2981
305 743 742 793 Coniecturarum,
779 742 883 792 quod
911 741 1007 781 artis
1034 742 1074 781 in
1101 741 1313 792 philologia
1340 753 1453 781 voca-

177 816 310 854 bulum
339 818 407 863 est,
437 814 557 851 latum
584 813 625 850 in
654 812 832 851 omnibus
860 825 985 862 paene
1001 813 1050 851 ad
1067 825 1185 850 unum
1200 812 1453 862 scriptoribus

175 881 415 934 antiquitatis
443 880 697 921 emendandis
726 884 785 920 est
814 880 994 932 spatium,
1023 880 1252 920 latissimum
1268 880 1307 920 in
1326 892 1451 920 emen-

175 954 304 992 dando
334 952 491 1000 Tacito,
521 952 663 1001 quippe
692 951 756 1000 qui
784 963 878 1001 prae
907 951 1045 989 ceteris
1075 951 1254 989 omnibus
1283 951 1451 989 omnium

174 1021 355 1060 vitiorum
391 1019 597 1070 generibus
636 1024 837 1070 corruptus
874 1031 921 1058 ac
955 1023 1120 1058 vexatus
1157 1019 1216 1058 sit.
1273 1019 1322 1058 Et
1350 1023 1452 1059 certe

167 1083 263 1129 'inde
292 1103 337 1129 eo
367 1103 415 1129 ex
444 1095 628 1139 tempore,
657 1101 733 1138 quo
761 1089 837 1127 luci
856 1089 1015 1127 Tacitus
1037 1089 1211 1127 redditus
1230 1094 1300 1138 est,
1330 1101 1451 1138 usque

175 1160 224 1199 ad
254 1159 354 1198 hanc
388 1163 560 1198 nostram
596 1161 762 1197 aetatem
796 1158 836 1196 in
873 1170 918 1196 eo
957 1157 1114 1208 negotio
1149 1161 1206 1197 tot
1238 1158 1313 1197 viri
1349 1157 1452 1197 docti

174 1234 282 1267 tanta
316 1233 431 1267 acuta
467 1241 553 1267 cum
590 1227 791 1276 diligentia
828 1228 1076 1266 elaborarunt
1112 1232 1151 1266 et
1187 1227 1328 1266 studiis
1371 1228 1452 1266 suis

174 1298 310 1337 Tacito
339 1297 462 1335 lucem
499 1296 661 1335 reddere
699 1296 830 1334 conati
868 1300 973 1346 sunt,
1009 1300 1051 1334 ut
1079 1296 1144 1334 vix
1180 1307 1281 1334 unus
1316 1308 1453 1335 versus

174 1367 404 1406 coniecturis
442 1378 573 1404 eorum
607 1366 838 1404 illacessitus
872 1370 988 1414 atque
1015 1366 1184 1404 intactus
1212 1366 1451 1404 remanserit.

172 1436 271 1475 Prae
300 1435 437 1474 ceteris
467 1439 595 1475 autem
622 1434 882 1486 posissimum,
912 1439 954 1473 ut
976 1446 1034 1485 ea,
1063 1446 1162 1484 quae
1183 1434 1345 1486 scriptor
1362 1446 1453 1475 vere

173 1505 383 1555 scripserit,
423 1505 644 1543 coniectura
672 1508 946 1553 assequantur,
986 1504 1058 1542 viri
1086 1504 1189 1542 docti
1222 1504 1453 1543 lectionibus

172 1577 287 1623 atque
317 1574 433 1613 etiam
461 1574 672 1613 litterarum
703 1573 896 1623 ductibus,
930 1573 1064 1623 quales
1093 1576 1249 1612 exstant
1276 1573 1314 1612 in
1345 1573 1452 1613 libris

173 1643 337 1693 scriptis,
367 1647 534 1681 utuntur.
591 1644 725 1691 Neque
755 1654 849 1681 sane
876 1643 1175 1692 improbandum
1211 1643 1251 1681 id
1285 1647 1453 1697 est3-ne

173 1711 245 1751 hoc
274 1712 439 1763 quidem,
469 1713 569 1762 quod
599 1712 697 1763 quis,
727 1716 768 1751 ut
797 1712 1055 1752 coniecturam
1076 1712 1186 1750 suam
1210 1711 1450 1762 probabilem

172 1782 326 1830 reddat,
364 1782 651 1820 similitudinem
679 1781 854 1820 lectionis
881 1781 920 1819 in
949 1781 1056 1819 libris
1092 1781 1245 1831 scriptis
1275 1785 1452 1819 servatae

173 1851 411 1891 auctoritatis
426 1851 512 1890 loco
523 1850 714 1900 significet
722 1850 987 1901 imploretque.
1004 1849 1307 1901 Improbandum
1322 1854 1451 1890 autem

176 1925 245 1969 est,
276 1921 309 1958 si
337 1921 422 1968 quis
452 1933 499 1958 ea
527 1921 568 1958 in
597 1933 638 1958 re
665 1920 762 1958 fines
791 1932 889 1958 sana
916 1920 1064 1958 ratione
1093 1924 1208 1968 atque
1243 1920 1452 1969 probabili-

172 1993 252 2028 tate
279 1989 428 2040 positos
457 1989 668 2039 egreditur:
698 1984 930 2039 quamquam
960 1988 1062 2027 enim
1089 1988 1195 2027 haud
1223 2001 1311 2028 raro
1341 1988 1453 2038 origi-

174 2071 261 2095 nem
299 2059 480 2096 vitiorum
516 2059 614 2096 bene
653 2058 914 2107 intellegimus
957 2059 1018 2095 vel
1059 2058 1190 2107 potius
1234 2059 1333 2096 adeo
1369 2057 1453 2107 per-

174 2130 346 2177 spectam
375 2127 582 2177 habemus,
619 2130 660 2165 ut
689 2126 802 2178 (quos
831 2126 931 2165 inter
958 2127 1297 2177 praestantissima
1326 2139 1452 2166 emen-

175 2195 389 2240 dandorum
418 2197 648 2246 scriptorum
667 2208 914 2235 numeramus
934 2196 1149 2247 praesidia)
1178 2196 1227 2235 de
1245 2196 1453 2245 generibus

173 2264 354 2305 vitiorum
381 2265 422 2304 in
451 2265 651 2305 codicibus
684 2265 927 2306 inventorum
962 2265 1081 2305 libros
1119 2265 1191 2304 viri
1226 2265 1330 2305 docti
1365 2278 1452 2305 con-

173 2334 351 2373 fecerint:
381 2335 559 2374 omnibus
588 2339 718 2374 tamen
748 2336 799 2374 ad
829 2348 945 2374 unum
975 2336 1070 2374 locis
1099 2339 1137 2374 et
1166 2335 1274 2385 origo
1303 2340 1341 2390 et
1368 2348 1453 2386 pro-

175 2415 332 2453 gressus
367 2417 391 2443 a
428 2404 727 2456 rescriptoribus
761 2408 1007 2456 peccatorum
1045 2408 1223 2444 accurate
1260 2404 1338 2444 dici
1375 2417 1453 2444 non

174 2477 320 2522 potest3
358 2474 392 2512 si
419 2486 510 2512 xero
540 2474 626 2523 quis
654 2473 782 2513 facere
810 2478 986 2523 conetur,
1023 2474 1158 2512 eadem
1192 2474 1261 2513 fiat
1294 2486 1454 2513 necesse

175 2545 234 2580 est
261 2542 521 2593 probalilitate
550 2554 594 2582 ar
624 2542 699 2582 fide
728 2553 804 2592 qua
833 2542 918 2593 quis
947 2541 1078 2581 futura
1106 2540 1450 2595 praenuntiaveritfi
