1693 2981
758 321 807 326 -
838 298 889 337 22
917 322 970 327 -

353 415 439 462 Qua
475 416 515 455 in
550 416 784 456 emendandi
820 416 972 456 ratione
1005 416 1112 456 hisce
1145 417 1240 456 locis
1269 418 1501 468 comparatis

223 485 342 524 nitor:
370 486 469 524 Ann.
500 487 565 535 IV,
590 487 663 536 -15,
695 485 745 524 15
773 492 808 525 et
836 488 933 538 quia
955 488 1093 538 priore
1120 500 1224 527 anno
1253 487 1368 527 inf).
1398 487 1502 526 Sila-

223 568 316 592 num
352 556 596 594 vindicatum
632 562 736 605 erat,
776 557 974 594 decrevere
1011 546 1132 595 Asiae
1169 557 1284 596 urbes
1306 557 1503 608 'templum

229 624 388 663 Tiberio
430 626 622 676 matrique
662 626 746 664 eius
786 638 835 664 ac
879 625 1033 664 senatui
1043 638 1056 662 .·
1106 631 1151 663 et
1194 627 1503 677 permissum

223 699 414 741 statuet-e,-
448 695 625 744 egitque
661 694 767 733 Nero
798 700 929 744 grates
957 707 1004 731 ea
1033 678 1153 732 cauea
1175 695 1364 744 patribus
1390 701 1504 745 atque

224 771 308 812 avo,
339 761 438 800 Ann.
468 761 573 813 XVI,
603 761 667 813 35,
700 762 717 800 1
757 768 855 800 tum
888 759 1200 814 progressus
1234 764 1276 802 in
1306 764 1504 815 porticum

226 832 310 869 illic
337 846 363 869 a
392 838 590 883 quaestore
617 833 826 883 reperitur,
858 831 954 869 Hist.
984 832 1054 881 ΙΙΙ,
1087 832 1148 881 12,
1190 832 1235 869 11
1266 838 1364 870 tum
1383 835 1503 883 '‘pro-

224 913 432 951 9reeeus
467 901 647 940 Lucilius
685 907 881 940 auctorem
907 914 948 940 ee
982 900 1124 952 palam
1158 901 1334 952 praebet.
1383 900 1503 947 ‘Quod

221 972 457 1020 permissum
485 981 554 1019 pro
583 970 773 1020 scriptura
791 969 880 1008 libri
897 970 1060 1009 Medicei
1073 972 1271 1021 permissu
1290 971 1502 1021 posuimus,

224 1038 288 1076 vix
323 1038 576 1078 mutationem
613 1039 700 1089 quis
738 1039 1011 1090 appellaverit:
1049 1038 1177 1079 littera
1204 1054 1242 1078 m
1271 1039 1389 1078 enim>
1403 1051 1502 1078 com-

226 1107 359 1158 pendii
395 1112 490 1147 nota
516 1108 762 1160 (permieeffl)
799 1108 1026 1159 expressa1)
1069 1120 1155 1147 eum
1198 1108 1238 1147 in
1268 1108 1358 1148 aliis
1393 1108 1503 1148 libris

224 1177 377 1227 scriptis
405 1182 484 1216 tum
515 1178 555 1216 in
584 1178 768 1217 Mediceis
796 1178 924 1217 Taciti
952 1177 1153 1217 codicibus
1189 1178 1289 1217 inter
1325 1178 1504 1217 transcri-

226 1246 392 1285 bendum
432 1246 563 1297 periit3
607 1247 715 1286 cuius
753 1246 839 1285 vitii
878 1246 1057 1297 exempla
1090 1246 1195 1286 haud
1236 1259 1361 1298 pauca
1399 1247 1503 1298 apud

225 1316 416 1355 Heraeum
429 1316 459 1366 ²)
499 1316 662 1355 collecta
696 1321 802 1366 sunt,
841 1328 1002 1367 quorum
1038 1328 1238 1356 numerum
1274 1317 1388 1356 etiam
1417 1317 1504 1356 aliis

224 1385 329 1423 nullo
358 1385 514 1434 negotio
543 1386 712 1425 auxeris.
768 1382 925 1436 Optime
960 1397 1051 1424 vero
1089 1385 1175 1424 c'um
1213 1397 1286 1435 usu
1314 1386 1442 1424 Taciti
1471 1393 1505 1425 et

224 1459 263 1494 et
303 1469 373 1507 que
414 1455 482 1494 illa
523 1446 766 1494 consentiunt
803 1468 888 1494 cum
925 1455 974 1493 vi*
1001 1454 1167 1505 quadam
1179 1455 1210 1506 ³)
1246 1455 1286 1494 in
1315 1455 1503 1496 orationis

181 1520 183 1522 ’
223 1525 388 1563 transitu
425 1525 530 1575 apud
565 1537 652 1564 eum
688 1525 802 1563 dicta.
858 1526 993 1574 Itaque
1030 1525 1151 1563 verba
1167 1517 1260 1571 'illa
1300 1528 1348 1564 e'a
1390 1537 1504 1575 quam

224 1606 342 1646 supra
383 1594 474 1633 dedi
515 1594 786 1633 emendatione
821 1606 914 1633 usus
951 1594 1023 1633 hoc
1065 1594 1179 1633 modo
1207 1588 1504 1646 '‘interpreteris:

230 1665 321 1702 Und
350 1678 387 1703 es
416 1652 550 1703 wwrde
579 1665 823 1702 wirklich
850 1669 1045 1714 qestattet:
1080 1665 1271 1702 nachdem
1299 1678 1341 1701 er
1370 1665 1506 1702 daun

225 1733 335 1772 aleo
372 1738 609 1785 voryetreten
637 1747 738 1782 war,
775 1733 879 1771 wird
913 1746 955 1771 er
982 1747 1055 1772 von
1083 1731 1288 1772 Arminius
1317 1733 1504 1785 beyrilezt.

346 1794 482 1841 'Locus
518 1802 581 1841 ille
619 1802 724 1841 haud
761 1802 817 1841 ita
854 1815 942 1841 raro
976 1815 1001 1841 a
1035 1802 1129 1841 viris
1166 1802 1290 1842 doctis
1317 1806 1505 1841 tractatus

228 1876 299 1922 est,
329 1884 406 1922 qua
434 1872 482 1911 de
511 1885 551 1912 re
579 1876 709 1911 tamen
738 1884 865 1923 pauca
893 1871 1060 1911 sufficiat
1088 1871 1227 1911 dicere.
1283 1873 1332 1911 Et
1359 1872 1505 1923 primus

228 1942 383 1990 quidem
415 1942 626 1980 Beroaldus
655 1941 798 1980 codicis
828 1941 991 1980 lectione
1027 1942 1196 1980 offensus
1235 1941 1390 1991 scripsit
1426 1930 1506 1979 tum

225 2013 478 2063 permissum
500 2025 806 2063 proyressusque
834 2011 1032 2050 salutatur
1059 2009 1333 2060 aberminiQ
1363 2022 1440 2059 qua
1466 2010 1505 2049 in

228 2080 463 2119 emendandi
491 2080 640 2119 ratione
664 2080 769 2118 haud
789 2079 903 2130 pauci
924 2078 1114 2118 editorum
1144 2078 1280 2130 (veluti
1295 2079 1505 2129 Bipontini,

230 2150 400 2200 Ernesti,
436 2149 612 2200 Ruperti)
641 2149 935 2199 acquieverunt3
978 2149 1140 2189 eandem
1170 2148 1341 2189 Ritterus
1382 2149 1508 2199 priore

227 2225 401 2271 tempore
427 2219 602 2258 defendit
612 2219 655 2270 4).
695 2219 918 2258 Novissimo
939 2223 1068 2258 tamen
1093 2223 1267 2269 tempore
1295 2218 1464 2257 Ritterus
1475 2219 1506 2269 ⁵)

259 2294 264 2295 ⁷
343 2294 384 2356 ἰ)
407 2326 438 2348 v.
462 2315 583 2348 Ritteri
605 2315 711 2356 praef.
735 2325 767 2356 p.
792 2315 921 2348 xxxv
945 2315 1032 2348 med.

352 2370 385 2416 ¹²)
408 2380 440 2400 v.
465 2368 585 2401 Studd.
611 2369 696 2400 critt.
720 2369 734 2400 I
757 2379 789 2409 p.
816 2368 878 2400 132
901 2377 976 2409 sqq.

360 2421 386 2462 ³)
411 2433 440 2454 v.
465 2421 621 2454 Guilehni
644 2421 851 2456 Baetticheri
873 2421 937 2453 lex.
961 2422 1040 2453 Tac.
1066 2432 1092 2454 s.
1118 2431 1171 2453 vv.
1196 2421 1242 2453 Et
1264 2423 1300 2453 et
1324 2421 1405 2458 Que.

362 2476 389 2513 ⁴)
412 2475 529 2507 Philol.
553 2475 600 2507 IV
622 2474 735 2517 (1849)
757 2485 790 2515 p.
814 2474 877 2506 698
901 2484 952 2515 sq.

361 2528 387 2570 ⁵)
408 2528 550 2569 primum
572 2529 605 2560 in
631 2529 713 2561 Mus.
737 2528 844 2561 Rhen.
868 2538 899 2560 v.
912 2528 1009 2561 XVII
1027 2527 1140 2570 (1862)
1162 2537 1194 2568 p.
1215 2527 1288 2566 105,
1310 2530 1380 2560 tum
1398 2526 1430 2559 in
1456 2528 1508 2561 ed.

230 2584 322 2624 Lips.
347 2593 376 2615 a.
402 2582 485 2614 1864
508 2591 541 2623 p.
565 2583 616 2622 54,
639 2581 681 2614 cf.
706 2581 814 2623 praef.
838 2592 871 2623 p.
897 2580 1060 2613 XXXVII
1083 2580 1169 2613 med.
