1693 2981
737 311 949 350 ,38-

201 429 375 466 dentiam
397 430 632 479 paupertati
658 430 870 478 adicerent,
899 429 999 468 Ann.
1028 430 1080 479 II,
1108 429 1177 479 48,
1210 430 1254 467 11
1284 430 1479 481 prodiyos

200 504 234 535 et
262 497 309 535 ob
326 498 496 548 flayitia
524 503 671 548 eqentes
700 519 751 525 ·-—-
780 499 897 536 movit
922 505 1060 536 senatu
1086 505 1157 537 aut
1183 505 1318 550 sponte
1347 498 1480 536 cedere

198 578 344 616 passus
373 572 436 604 est.
492 565 553 603 De
581 565 774 614 equitibus
802 578 838 603 v.
867 566 967 604 Ann.
996 566 1062 615 IV,
1087 567 1124 616 6,
1150 567 1196 604 11
1216 567 1423 619 frumenta
1446 572 1481 604 et

195 635 390 685 pecuniae
418 635 638 685 vectiqales,
668 640 792 673 cetera
814 635 1067 685 publicorum
1084 636 1296 686 fructuum
1322 637 1479 674 societa-

200 703 303 742 tibus
337 704 507 754 equitum
541 704 807 742 Romanorum
841 704 1115 755 agitabantur,
1152 702 1252 741 Hist.
1281 703 1318 753 I,
1356 703 1425 752 11,
1457 703 1476 740 1

200 771 419 823 Aeqyptum
449 773 656 822 copiaeque
683 772 824 822 quibus
852 778 1098 822 coerceretur,
1127 774 1211 810 iam
1229 773 1322 810 inde
1340 784 1365 809 a
1389 770 1480 809 divo

200 840 376 891 Auqusto
403 841 547 892 equites
575 841 748 879 Romam·
776 840 946 879 obtinent
972 841 1056 880 loco
1082 855 1228 892 reyum.
1279 840 1480 886 Quaenam

199 920 291 947 vero
329 909 524 948 sententia
561 909 728 948 conexui
762 908 881 947 totius
917 908 994 947 loci
1020 909 1149 959 aptior
1177 912 1237 947 est
1264 920 1378 957 quam
1413 908 1481 947 illa

199 987 299 1026 quae
326 977 366 1016 in
395 978 604 1017 verborum
632 978 758 1017 forma
786 990 811 1017 a
837 977 953 1017 nobis
982 989 1101 1028 supra
1129 977 1222 1017 data
1248 977 1377 1016 inest?
1418 978 1479 1015 In-

199 1046 477 1096 terpretatione
514 1047 589 1086 hac
625 1046 762 1086 addita
796 1046 913 1085 etiam
946 1046 1073 1096 magis
1106 1046 1378 1097 perspiciatur:
1415 1047 1480 1085 Se-

199 1122 362 1154 natoren
395 1117 479 1155 und
512 1117 626 1154 ritter
653 1138 705 1143 ——
733 1122 841 1167 sayte
871 1116 1012 1155 Gallus
1039 1115 1205 1156 Asinius
1232 1137 1283 1144 —-
1313 1122 1482 1155 muszten

199 1186 326 1224 reiche
355 1185 452 1224 leute
479 1186 575 1234 sein,
605 1186 713 1223 nicht
740 1191 837 1223 etwa
866 1185 954 1224 weil
981 1184 1107 1234 (nicht
1124 1186 1185 1223 als
1213 1185 1278 1234 ob)
1305 1186 1362 1223 sie
1380 1198 1481 1235 yanz

202 1255 408 1293 besondere
435 1253 528 1303 (von
564 1254 639 1292 den
671 1254 823 1291 andern
859 1254 968 1292 ihrer
1003 1259 1123 1292 natur
1148 1254 1251 1292 nach
1280 1253 1480 1292 durchaus

200 1323 485 1372 verschiedene)
514 1323 713 1361 menschen
740 1324 855 1370 seien,
884 1323 1052 1361 sondern
1081 1324 1207 1360 damit
1232 1324 1302 1371 sie,
1333 1323 1397 1359 die
1426 1324 1479 1359 im

200 1392 346 1428 theater
373 1392 498 1429 durch
527 1391 732 1429 besondere
757 1390 900 1441 pliz‘tze,
932 1391 1056 1428 durch
1083 1403 1186 1442 ranq
1213 1391 1297 1428 und
1314 1389 1481 1441 stelluny
1550 1402 1567 1413 ⁴

136 1482 143 1490 ι
199 1474 272 1499 von
301 1461 377 1499 den
405 1461 571 1512 ubriqen
598 1461 827 1511 yeschieden
853 1461 968 1509 scien,
997 1460 1099 1498 auch
1126 1461 1170 1498 in
1196 1460 1272 1498 alle
1292 1460 1377 1498 dem
1395 1460 1481 1498 sich

199 1530 504 1578 auszeichneten,
549 1543 629 1566 was
670 1543 717 1566 zu
752 1529 827 1566 den
861 1529 1026 1566 hb‘heren
1063 1529 1254 1579 yeistiqen
1294 1533 1482 1579 qenuszen

199 1598 282 1635 und
311 1598 397 1636 dem
426 1597 589 1648 comfort
617 1590 701 1636 des⁹
713 1596 839 1635 lebens
867 1597 1016 1647 qehb're.

328 1666 475 1713 Restat,
505 1669 546 1702 ut
576 1664 803 1703 brevissime
834 1663 880 1702 de
908 1663 1164 1702 varietatibus
1193 1662 1401 1702 lectionum
1426 1663 1478 1701 di-

201 1737 319 1772 catur.
376 1734 514 1782 Itaque
544 1733 737 1772 scribunt:
766 1732 1034 1783 Bipontini
1061 1736 1100 1773 et
1128 1732 1360 1782 Ruperti:
1395 1747 1481 1782 non,

201 1805 295 1853 quia
325 1804 474 1841 diversi
501 1809 665 1851 natura,
700 1804 769 1841 sed
796 1809 838 1840 ut
865 1802 982 1851 locis,
1023 1802 1246 1851 ordinibus,
1286 1802 1482 1853 dignatio—

203 1871 318 1911 nibus
345 1873 545 1920 antistent,
584 1871 813 1923 talesque
847 1871 902 1909 ad
930 1873 1101 1922 requiem
1129 1872 1257 1910 animi
1284 1877 1353 1909 anat
1379 1872 1482 1910 salu-

203 1942 382 1979 britatem
411 1954 618 1992 corporum
645 1946 853 1991 parentur.

330 2009 589 2048 Ernesti:
641 2009 776 2047 eodem
828 2009 962 2058 modo,
1020 2013 1182 2059 excepto
1237 2009 1480 2060 taliaque.

202 2078 444 2116 Haasius:
476 2092 549 2117 non
578 2080 672 2129 quia
702 2079 849 2117 diversi
877 2084 1036 2128 natura,
1066 2079 1135 2118 sed
1162 2084 1205 2116 ut
1232 2078 1347 2128 locis,
1378 2079 1482 2117 ordi—

204 2148 334 2197 nibus,
371 2148 671 2198 diqnationibus
706 2150 891 2186 antistent
924 2153 967 2186 et
1000 2148 1127 2186 aliis
1160 2160 1257 2198 quae
1292 2161 1321 2185 e.
1358 2162 1391 2198 q.
1429 2161 1483 2196 s.;

202 2216 241 2254 in
278 2215 520 2265 praefatione
532 2217 561 2264 1)
595 2227 616 2254 e
646 2215 867 2254 coniectura
901 2214 1063 2253 adiecit:
1105 2216 1173 2253 sed
1210 2221 1252 2253 ut
1289 2221 1333 2253 et
1373 2216 1481 2264 locis,

204 2284 425 2333 ordinibus,
457 2285 756 2334 diqnationibus
784 2286 968 2323 antistent
994 2290 1042 2322 et
1069 2284 1165 2323 aliis
1191 2297 1221 2322 e.
1251 2298 1284 2334 q.
1313 2299 1343 2322 s.

332 2351 564 2401 Halmius,
605 2351 844 2402 Baiterus,
889 2352 1104 2391 Ritterus
1145 2351 1430 2391 Urlichsium
1450 2352 1482 2403 2)

202 2422 344 2461 secuti:
374 2437 449 2461 non
477 2424 571 2473 quia
602 2423 751 2461 diversi
776 2428 937 2479 natura,
961 2423 1029 2461 sed
1057 2428 1110 2471 ut,
1139 2423 1266 2461 sicut
1299 2422 1395 2461 locis
1424 2436 1482 2460 or-
1510 2473 1512 2477 ,

338 2518 361 2559 ι)
384 2527 416 2559 p.
440 2514 543 2550 LXX.

333 2571 361 2612 ²)
383 2571 503 2603 Rhein.
527 2572 613 2603 Mus.
639 2571 696 2603 vl.
720 2571 833 2612 (1848)
854 2581 887 2611 p.
911 2570 984 2603 636.
1015 2591 1021 2596 .
