1693 2981
768 299 967 336 -30-

234 413 393 464 ipse1)
430 419 539 453 erat
572 415 822 453 obscurus
858 414 1003 464 adeo,
1040 420 1089 454 ut
1120 416 1297 455 nescio
1332 415 1516 465 quibus

234 495 330 521 non
365 483 704 533 interpositis
739 483 983 532 intellegi
1017 495 1113 524 non
1141 484 1333 534 p-ossit3
1362 483 1396 523 ei
1424 495 1515 523 vero

235 551 377 601 omnia,
406 563 507 601 quae
525 552 684 593 Tacitus
703 551 833 591 dicere
852 552 989 603 potuit,
1018 552 1167 609 disisse
1188 564 1278 594 vere
1297 566 1386 596 eum
1406 552 1514 603 velis,

234 620 355 660 multa
387 625 490 660 certe
522 622 629 660 addi.
652 633 813 663 necesse
848 626 919 663 est.
974 622 1111 671 Itaque
1146 633 1232 665 cum
1269 622 1377 671 otigo
1414 622 1515 671 laeu-

233 701 369 728 narum
398 702 517 742 saepe
545 703 594 731 ne
623 691 779 732 minime
807 690 962 742 quidem
991 691 1158 743 perspici
1179 691 1318 743 possit,
1342 695 1515 733 attamen

234 772 508 811 nonnunquam
537 774 614 799 non
643 765 703 801 est
721 761 824 810 quod
845 761 1077 812 dubitemus,
1106 761 1197 811 quin
1218 772 1337 801 causa
1353 762 1515 800 lacunae

233 829 273 868 in
302 829 418 868 rebus
447 829 648 880 graphicis
673 830 802 880 posita
829 829 964 870 fuerit:
994 835 1086 869 tunc
1112 830 1309 880 intellego,
1340 830 1374 869 si
1402 842 1513 870 voca-

233 897 325 935 bula
352 910 476 948 parva
504 898 715 938 maximam
742 903 891 949 partem
920 903 959 938 et
986 910 1111 939 unam¹
1134 898 1373 939 continentia
1398 898 1514 947 sylla—

234 967 325 1005 bam
361 970 518 1016 propter
561 967 850 1007 similitudinem
891 967 1066 1017 proxime
1102 967 1164 1006 vel
1200 966 1513 1009 antecedentium

235 1035 295 1073 vel
324 1035 564 1084 sequentium
594 1035 832 1075 evanuerint.
890 1035 1040 1081 Quodsi
1065 1035 1159 1074 illud
1195 1035 1395 1085 acciderit,
1431 1047 1513 1084 eae,

235 1116 335 1153 quae
365 1109 403 1144 et
431 1105 711 1144 sententiarum
739 1105 803 1143 illo
832 1105 916 1144 loeo
940 1105 1102 1146 conexui
1124 1108 1163 1144 et
1178 1104 1336 1154 ingenio
1357 1104 1513 1155 scripto·

234 1173 287 1213 ris
316 1174 459 1224 optime
487 1174 760 1231 respondeqnt,
790 1174 972 1224 explendi
991 1174 1245 1215 condiciones
1255 1170 1513 1224 accipientum

232 1243 290 1281 sin
330 1243 402 1282 hoe
439 1243 643 1293 acciderit,
686 1247 840 1284 constat
874 1255 996 1284 eausa.
1029 1243 1099 1283 illa
1124 1243 1290 1293 ,cognita
1323 1255 1410 1283 eum
1439 1255 1510 1282 ‹ex-

232 1312 401 1362 plendae
430 1313 593 1355 lacunae
631 1317 811 1353 conatum
848 1313 1063 1362 praemium
1100 1323 1188 1352 esse
1225 1313 1410 1361 laturum,
1443 1312 1512 1360 qui

232 1380 463 1420 vocabulum
498 1380 566 1420 dat
603 1381 778 1431 proxime
812 1380 864 1419 ad
902 1380 1193 1421 similitudinem
1222 1392 1373 1431 eorum,
1412 1391 1513 1430 quae

233 1450 407 1500 proxime
444 1451 503 1488 vel
541 1451 776 1491 antecedunt
812 1451 874 1489 vel
902 1455 1132 1500 sequuntur,
1166 1450 1370 1489 accedens.
1428 1450 1514 1495 Qua

233 1519 428 1558 sententia
464 1519 688 1568 rationeque
726 1519 837 1558 nisus
865 1519 944 1562 alio
971 1519 1087 1560 modo
1115 1523 1232 1568 atque
1261 1530 1336 1568 quo
1364 1518 1444 1558 fere
1472 1518 1515 1556 fit

232 1592 412 1637 quattuor
450 1588 665 1637 explendas
702 1599 791 1628 esse
827 1600 967 1627 censeo
1003 1588 1165 1628 lacunas
1202 1592 1314 1626 extra
1352 1587 1512 1627 dubium

232 1655 322 1705 quin
354 1656 431 1695 sint
458 1656 628 1706 positas3
657 1656 789 1695 insunt
815 1659 945 1696 autem
974 1655 1014 1694 in
1044 1656 1143 1695 Anu.
1173 1646 1364 1705 1.11.c.'8‚
1392 1667 1424 1694 o.
1447 1655 1511 1704 33,

232 1725 255 1763 l.
285 1726 370 1774 XV,
400 1738 431 1763 c.
461 1726 525 1774 36,
553 1725 592 1764 in
624 1725 722 1764 Hist.
751 1726 775 1764 l.
805 1726 874 1775 111,
903 1738 934 1764 e.
965 1726 1027 1764 83.

662 1831 788 1874 Anu.
816 1830 847 1872 1.
874 1828 938 1873 11.
966 1842 1008 1874 e.
1036 1831 1084 1874 8.

360 1908 464 1945 Inter
505 1907 611 1945 locos
649 1907 809 1966 multum
846 1911 1068 1958 corruptos,
1111 1906 1272 1945 multum
1314 1890 1511 1958 tractatos,
1550 1930 1554 1933 -

233 1976 402 2015 nondum
432 2000 479 2004 ——
511 1976 626 2015 eredo
658 2000 697 2004 -—
735 1980 838 2015 recte
874 1975 1100 2015 emendatos
1137 1976 1200 2014 hic
1233 1981 1293 2015 est
1327 1989 1375 2014 ex
1414 1977 1510 2014 Ann.

234 2045 256 2083 l.
286 2045 336 2094 ΙΙ,
367 2058 398 2084 e.
429 2046 452 2083 8
482 2050 670 2095 sumptus,
700 2045 765 2094 qui
791 2044 830 2083 in
861 2045 1034 2084 Mediceo
1064 2027 1172 2083 libro.
1191 2045 1288 2097 sic²)
1318 2049 1465 2084 exstat:

367 2141 389 2182 ')
413 2144 448 2174 at
471 2143 573 2182 certe,
597 2140 655 2182 qui
678 2144 813 2182 praeter
835 2140 963 2181 proprii
986 2141 1111 2182 ingenii
1135 2143 1286 2175 naturam
1310 2151 1420 2181 genus
1434 2141 1512 2173 scri-

233 2195 333 2228 bendi
368 2195 558 2227 Tacitinum
589 2194 709 2226 imitati
735 2194 908 2234 simulant3
946 2203 1020 2226 eam
1050 2194 1094 2226 ad
1122 2203 1192 2226 rem
1222 2193 1392 2234 pertinent
1419 2194 1511 2236 haee,

232 2258 321 2290 quae
345 2249 388 2281 de
413 2247 638 2289 Klopst-oekio
663 2247 851 2288 disputavit
873 2257 1024 2280 summus
1048 2249 1164 2279 noster
1187 2247 1319 2280 Goethe
1332 2247 1379 2287 (v.
1393 2247 1511 2280 editio-

232 2312 306 2334 nem
331 2311 474 2342 operum
495 2311 584 2342 quae
608 2302 668 2333 LX
692 2301 926 2341 complectitur
947 2301 1128 2341 volumina,
1151 2302 1218 2332 vol.
1232 2300 1330 2334 XXV
1347 2300 1510 2342 pag.89):

232 2354 365 2398 „Dm-ch
390 2355 506 2390 seinen
529 2354 717 2387 wetststreit,
733 2354 794 2386 mit
816 2354 882 2388 den
913 2354 1014 2393 alten,
1037 2354 1234 2387 -besomlers
1264 2353 1339 2387 dem
1372 2349 1511 2387 Tacitus
1527 2343 1541 2354 ⁰

232 2408 321 2441 sieht
345 2408 414 2441 sich
439 2408 630 2448 Klopstock
653 2408 771 2440 immer
794 2407 887 2440 mehr
910 2407 962 2440 ins
985 2417 1072 2449 enge
1085 2407 1276 2448 genethigt,
1300 2407 1458 2439 wodurch
1472 2416 1508 2439 er

232 2463 361 2495 zuletzt
384 2460 749 2494 unverstiindlich
780 2460 1201 2502 undungenieszbar
1223 2457 1338 2492 wird.“

363 2514 391 2557 2)
411 2524 444 2548 v.
469 2514 667 2548 collationes
690 2513 817 2547 codicis
834 2514 975 2548 Medicei
990 2513 1239 2548 Bekkerienam
1261 2513 1352 2556 apud
1369 2513 1510 2555 Nipper-

232 2570 356 2612 deyum
380 2573 415 2602 et
438 2568 657 2601 Ritterianam
681 2568 712 2599 in
739 2568 791 2601 ed.
816 2568 909 2611 Lips.
933 2578 962 2600 a.
987 2568 1080 2600 1864.
