1693 2981
776 315 991 353 ...16-

426 444 510 469 nec
538 445 666 471 mora
687 432 904 484 proelio:
933 433 985 475 et
1006 432 1144 476 acie·
1166 435 1235 473 ita
1265 435 1522 480 instructa,

426 507 470 539 ut
503 515 603 552 pars
642 502 897 541 classicorum
941 503 1078 542 mioetis
1108 506 1287 555 payanis
1325 505 1367 542 in
1410 504 1523 542 colles

433 571 539 608 mari
561 573 811 622 propinquos
839 577 1063 623 eoesurqeret
1090 585 1120 610 e.
1150 587 1184 623 q.
1214 588 1244 611 s.

363 637 435 677 Oui
471 638 707 678 emendandi
741 639 883 678 rationi
921 639 1117 691 praesidio
1154 644 1214 679 cst
1249 641 1312 680 hic
1349 641 1521 682 eiusdem

233 707 362 746 Taciti
390 707 499 746 locus
529 720 606 746 uno
636 708 850 757 eodemque
878 721 953 758 quo
981 709 1046 748 ille
1074 720 1147 748 usu
1162 709 1302 747 dictus:
1331 711 1430 749 Ann.
1448 712 1514 761 IV,

233 776 297 826 70,
313 776 350 826 4,
379 791 466 815 nec
495 791 633 816 mora
662 779 757 828 quin
776 778 1065 817 decerneretur:
1092 784 1136 817 et
1163 779 1391 817 trahebatur
1413 781 1521 818 dam-

230 852 357 895 natus,
388 853 574 897 quantum
604 847 771 885 obducta
799 854 896 886 veste
924 854 959 885 et
986 848 1189 886 adstrictis
1212 848 1409 899 faucibus
1447 851 1521 887 niti

225 921 395 965 poterat,
427 916 647 965 clamitans,
676 917 734 955 sic
758 917 941 954 inchoari
968 931 1126 966 annum,
1157 918 1227 956 has
1246 916 1392 955 Seiano
1411 920 1520 955 victi-

231 998 315 1022 mas
354 985 514 1034 cadere,
551 996 714 1033 quocum
751 984 848 1023 haec
882 984 1048 1024 conferri
1081 989 1261 1036 possunt:
1299 986 1398 1023 Ann.
1434 986 1519 1035 XV,

231 1052 294 1101 25,
325 1053 349 1090 6
377 1067 467 1091 nec
506 1054 798 1092 dubitatum
834 1055 881 1092 de
911 1055 1029 1093 bello:
1066 1062 1107 1093 et
1146 1055 1313 1094 Corbulo
1351 1056 1519 1094 militum

233 1129 346 1173 atque
376 1123 543 1160 hostium
580 1129 634 1161 tot
660 1137 734 1173 per
761 1137 883 1162 annos
911 1137 1060 1174 gnarus
1088 1125 1281 1175 yerendae
1315 1126 1375 1162 rei
1400 1138 1518 1175 prae-

224 1192 377 1242 ficitur,
416 1191 516 1228 Ann.
553 1191 644 1241 XII,
686 1192 746 1241 14,
788 1192 838 1229 10
866 1206 948 1230 nec
988 1193 1301 1231 detrectavit
1337 1207 1518 1244 pugnam

232 1261 417 1300 Gotarzes
433 1262 645 1300 deminutis
661 1262 833 1300 hostibus
852 1262 997 1313 feroae:
1026 1276 1321 1314 concursumqu
1333 1276 1351 1300 e
1371 1276 1517 1314 maqna

230 1331 341 1369 clade
383 1337 418 1369 et
458 1331 644 1382 ambiguo
687 1337 830 1369 eventu.
899 1331 1141 1369 Vocabulum
1180 1338 1223 1369 et
1260 1330 1518 1369 coniunctioni

229 1414 315 1438 cum
342 1399 447 1438 haud
479 1399 718 1438 dissimiliter
746 1399 963 1438 adhibitum
992 1404 1070 1449 est,
1111 1412 1273 1448 quocum
1309 1411 1382 1437 usu
1418 1399 1515 1438 haec

233 1472 325 1518 apte
364 1468 590 1507 contuleris:
626 1468 725 1506 Hist.
762 1468 819 1518 II,
857 1468 926 1518 95,
975 1468 998 1506 8
1035 1469 1246 1507 nondum
1292 1475 1453 1519 quartus·
1490 1483 1515 1506 a

228 1539 395 1576 victoria
430 1539 572 1576 mensis
610 1543 653 1575 et
690 1538 852 1575 libertus
886 1537 1035 1575 Vitellii
1063 1537 1265 1575 Asiaticus
1303 1537 1514 1587 Polyclitos

228 1606 438 1644 Patrobios
466 1612 501 1643 et
528 1611 656 1643 vetera
686 1606 866 1644 odiorum
896 1607 1054 1644 nomina
1073 1605 1278 1657 aequabat,
1308 1605 1407 1643 Ann.
1428 1605 1514 1655 XV,

227 1674 291 1724 40,
308 1675 332 1713 3
356 1675 551 1713 necdum
566 1676 722 1725 positus
741 1681 862 1713 metus
882 1680 925 1712 et
942 1675 1065 1712 rediit
1086 1675 1194 1712 haud
1213 1675 1336 1713 levius
1355 1688 1514 1713 rursum

227 1750 434 1794 qrassatus
462 1745 570 1795 iynis
591 1744 750 1795 patulis
779 1745 907 1795 maqis
935 1743 1047 1781 urbis
1077 1744 1183 1793 locis,
1221 1757 1334 1795 eoque
1361 1749 1513 1794 strayes

229 1814 426 1852 hominum
454 1815 593 1863 minor,
625 1813 723 1851 Hist.
749 1813 799 1862 II,
824 1813 886 1862 68,
915 1813 960 1850 17
991 1814 1203 1851 interim
1232 1813 1413 1863 Ver-qimi
1438 1825 1514 1851 ser-

228 1897 298 1921 vus
326 1882 437 1934 forte
475 1882 611 1921 obvius
650 1888 693 1919 ut
722 1896 933 1933 percussor
968 1882 1118 1920 Vitellii
1155 1882 1432 1920 insimulatur:
1472 1887 1515 1918 et

226 1951 363 1988 ruebat
390 1951 447 1988 ad
476 1952 696 1989 convivium
733 1950 843 1988 miles
880 1956 1038 1988 mortem
1075 1951 1255 2001 Veryinii
1292 1963 1512 2001 exposcens,

225 2020 325 2058 Ann.
355 2019 421 2069 IV,
451 2020 514 2069 23,
545 2019 572 2057 4
600 2021 701 2058 iam
730 2026 806 2058 tres
844 2013 1046 2057 laureatae
1080 2021 1124 2057 in
1159 2020 1253 2057 urbe
1288 2025 1440 2058 statuae
1469 2025 1512 2056 et

226 2089 358 2127 adhuc
392 2089 582 2139 raptabat
609 2088 794 2140 Africam
826 2088 1070 2139 Tacfarinas
1105 2094 1243 2126 auctus
1275 2088 1510 2127 Maurorum

226 2157 422 2205 auaeiliis;
450 2156 497 2194 cf.
526 2156 633 2205 Virg.
663 2157 759 2194 Aen.
780 2156 826 2205 V,
856 2156 931 2194 857
954 2167 1036 2205 sqq.
1063 2157 1139 2195 Via:
1160 2157 1317 2207 primos
1345 2157 1512 2206 inopina

226 2227 334 2277 quies
363 2226 569 2264 laxaverat
596 2232 707 2264 artus
735 2226 795 2263 Et
821 2239 942 2277 super
964 2225 1186 2264 incumbens
1202 2248 1253 2252 ——
1269 2225 1512 2276 —liquidas

221 2296 397 2346 proiecit
425 2296 468 2332 in
496 2296 627 2333 undas
654 2296 937 2346 Praecipitem,
977 2293 1075 2332 Plin.
1115 2305 1203 2345 epp.
1237 2294 1298 2344 VI,
1329 2293 1382 2332 20
1417 2294 1512 2332 Vise

226 2366 522 2403 consederamus
550 2371 594 2402 et
621 2379 698 2403 ηοω
726 2378 803 2403 non
831 2365 961 2415 qualis
990 2365 1032 2401 in
1052 2364 1158 2403 lunis
1178 2369 1247 2402 aut
1266 2362 1413 2410 nubilo,
1443 2362 1511 2399 sed

225 2434 357 2485 qualis
388 2435 430 2471 in
459 2433 555 2472 locis
584 2433 730 2473 clausis
758 2434 902 2471 lumine
931 2434 1130 2482 exstincto,
1159 2432 1260 2470 Xon.
1282 2430 1355 2468 An.
1377 2430 1408 2480 I,
1432 2429 1508 2479 8,ss

226 2501 336 2559 ἤδη
377 2518 423 2543 τε
465 2494 521 2559 ἧν
552 2502 699 2557 μέσον
733 2499 904 2559 ἡμέρας
935 2501 1032 2542 καὶ
1066 2498 1195 2542 οὔπω
1230 2504 1510 2554 καταφανεῖς

226 2562 348 2628 ἦσαν
372 2571 430 2613 -οἶ
461 2570 685 2626 πολεζαιοι.
733 2571 813 2610 Sed
832 2570 999 2618 denique
1019 2582 1089 2619 pro
1115 2577 1149 2608 et
1177 2569 1362 2619 scriptum
1391 2568 1506 2606 etiam
