1693 2981
761 287 949 326 -2-

209 396 269 432 est
287 394 462 432 Cornelii
482 394 610 432 Taciti
629 392 735 433 locos
755 393 962 433 nonnullos
981 398 1158 443 tractare,
1188 406 1285 444 quos
1304 393 1355 433 ad
1381 406 1492 433 veras

207 461 353 501 formas
383 473 476 500 suas
505 462 633 500 adhuc
663 462 922 519 restituendos
951 475 1038 502 esse
1067 468 1174 502 ratus
1213 475 1309 502 sum.
1365 464 1491 512 Atque

210 542 278 570 eas
308 530 602 570 emendationes
629 531 669 570 in
698 531 895 582 publicum
926 531 1099 571 edendas
1125 532 1352 582 delegimus,
1381 544 1491 581 quae,

209 612 443 649 quamquam
473 612 549 638 non
579 612 723 638 nonum
755 601 1030 651 premebantur
1058 600 1097 638 in
1127 613 1293 649 annum,
1324 606 1493 640 attamen

210 681 342 707 rursus
372 668 600 719 scriptorem
630 669 852 718 legentibus
882 673 919 708 et
947 669 1122 719 longiore
1150 670 1335 720 temporis
1365 670 1491 720 spatio

209 738 430 776 intermisso
458 738 509 775 ad
530 738 694 775 eundem
717 738 884 776 reversis
904 750 1036 776 rursus
1057 738 1169 776 nobis
1189 738 1288 788 ipsis
1305 738 1494 787 probatae

209 811 309 847 sunt.
366 807 472 847 Inter
510 806 705 846 scribendi
742 806 1045 847 commentarioli
1078 807 1274 858 negotium
1303 806 1493 847 editiones

209 876 335 918 Taciti
362 876 456 914 mihi
484 881 640 926 praesto
670 876 824 914 fuerunt
852 877 946 914 hae:
985 877 1152 915 omnium
1184 888 1342 926 operum
1373 877 1494 914 Hal-

209 944 376 995 miana
422 944 544 997 (Lips.
583 945 659 985 vol.
699 945 728 984 Ι.
769 958 802 985 a.
844 945 965 996 1865,
1010 946 1085 985 vol.
1124 946 1174 985 II.
1211 958 1245 985 a.
1292 945 1410 997 1863)
1456 950 1493 984 et

210 1015 507 1053 Ritteriana
547 1015 670 1065 (Lips.
710 1027 745 1052 a.
786 1015 924 1065 1864),
964 1015 1210 1053 historiarum
1249 1014 1285 1052 ll.
1316 1015 1346 1052 Ι.
1377 1018 1415 1052 et
1444 1014 1493 1051 ΙΙ.

210 1083 245 1122 H
256 1083 501 1123 eraeiana
538 1083 659 1135 (Lips.
690 1096 724 1122 a.
759 1083 895 1134 1864),
917 1084 981 1123 ab
1018 1095 1180 1123 excessu
1208 1083 1301 1122 Divi
1328 1083 1495 1132 Augusti

208 1152 392 1200 libyorum
417 1153 674 1203 Nipperde
687 1165 821 1202 yana
851 1153 992 1202 (Berol.
1014 1153 1089 1191 vol.
1110 1153 1139 1191 Ι.
1162 1152 1221 1191 ed.
1239 1152 1303 1190 IV.
1325 1164 1360 1190 a.
1380 1152 1493 1201 1864,

211 1222 285 1261 vol.
306 1223 356 1261 ΙΙ.
387 1222 446 1261 ed.
463 1223 512 1261 II.
538 1235 573 1261 a.
594 1222 713 1273 1857)
745 1245 795 1249 --—
825 1222 1064 1272 singulorum
1082 1222 1279 1272 librorum,
1309 1225 1494 1272 quantum

212 1293 316 1342 novi,
346 1292 561 1330 novissima
589 1303 765 1340 quaeque
795 1292 985 1341 exempla.
1044 1292 1250 1330 Praeterea
1278 1302 1353 1328 non
1384 1290 1497 1329 omisi

211 1360 403 1400 editiones
432 1360 552 1411 adire,
583 1372 680 1410 quas
712 1360 999 1411 Bipontini‚
1039 1360 1244 1408 Ernesti,
1283 1359 1495 1408 Haasius,

212 1430 444 1470 Orellius
474 1435 512 1469 et
541 1430 799 1479 Baiterus,
830 1429 1109 1479 Rupertius
1140 1433 1380 1467 curaverunt.
1422 1427 1496 1466 Ubi

212 1504 340 1540 autem
359 1499 447 1551 ipsa
465 1499 591 1539 Taciti
621 1499 742 1538 verba
770 1499 957 1538 allaturus
985 1499 1085 1538 inter
1113 1498 1233 1537 libros
1261 1498 1349 1537 illos
1378 1499 1494 1535 unum

211 1570 319 1618 sequi
366 1573 522 1607 coactus
567 1581 692 1615 eram,
738 1568 1007 1606 Halmiana
1049 1567 1217 1606 editione
1260 1578 1353 1605 usus
1397 1578 1494 1615 sum,

211 1639 356 1690 quippe
385 1651 484 1688 quae
513 1650 606 1688 prae
638 1637 775 1676 ceteris
804 1637 966 1688 plurime
995 1637 1034 1675 in
1064 1636 1347 1687 philologorum
1375 1636 1495 1674 mani-

213 1708 287 1746 bus
316 1708 547 1746 inveniatur.
1457 1707 1464 1713 '
