1693 2981
693 302 903 350 -47-

162 433 209 459 ao
236 419 442 469 disciplina
469 419 649 469 deerant3
677 418 976 475 orthographiae
984 418 1227 460 ,subtilitates
1248 418 1434 466 legesque

163 489 343 541 detegere
388 488 592 539 posteriori
633 488 841 534 memoriae
878 491 1122 535 ,reservatum
1161 487 1245 526 fuit.
1313 487 1432 525 Multo

163 557 287 610 magis
322 561 478 608 propter
513 557 713 606 incuriam.
734 561 860 597 rectae
895 556 1154 605 distinctionis
1189 556 1434 606 vituperandi

163 629 270 666 sunt:
299 626 350 672 ad
377 625 418 665 id
446 626 547 669 enim
574 625 774 679 negotium
800 636 925 674 neque
953 624 1194 677 antiquitatis
1213 624 1289 665 fide
1308 637 1433 674 neque

161 696 404 735 librariorum
432 695 638 746 traditione
666 706 762 745 opus
790 699 882 746 est„
905 681 975 747 sed
1011 694 1117 732 nulla
1150 706 1191 732 re
1227 694 1304 733 nisi
1339 706 1437 732 sana

163 769 301 810 mente.
356 750 781 816 Distinguenffislmm
818 767 948 813 autem
984 763 1056 802 hoc
1097 763 1211 803 modo
1254 763 1436 802 videntur

165 846 273 885 esse,
311 837 353 873 ut
389 825 557 873 verum
594 833 797 884 verborum
834 836 1055 897 contextum
1084 832 1145 888 vel
1174 832 1340 873 maxime
1368 832 1437 870 im-

165 903 348 954 plicatum
376 902 427 955 ad
455 902 685 945 sententiam
714 901 881 951 dilucide
900 905 946 952 ,et
961 901 1096 949 <oculis
1123 901 1331 951 legentium
1355 913 1438 952 per-

166 972 298 1024 spicue
327 971 532 1022 seiungant
559 972 882 1022 coniungantque.
925 971 972 1018 Id
999 975 1102 1010 certe
1131 970 1293 1022 simplex
1314 983 1437 1020 neque

166 1042 321 1081 difficile
362 1053 449 1093 esse
480 1045 656 1093 apparet.
711 1030 892 1091 Attamen
929 1042 1014 1092 (et,
1038 1040 1171 1091 credo,
1209 1044 1366 1092 propter
1400 1040 1440 1079 id

166 1112 310 1162 ipsum,
350 1110 524 1151 doctrina
552 1110 814 1165 difficultates,
851 1110 986 1159 venari
1015 1109 1215 1162 consueta)
1249 1110 1316 1148 illa
1350 1122 1441 1160 pars

168 1193 392 1233 munerum„
424 1193 523 1231 quae
552 1172 642 1223 sunt
665 1179 829 1228 ,editoris
858 1180 1042 1231 cuiusque
1049 1210 1078 1230 ,..
1098 1179 1229 1226 etiam
1245 1191 1347 1219 nune
1374 1192 1438 1218 ne-

168 1251 294 1300 glecta
322 1250 449 1300 iacet,
472 1262 574 1299 nam,
604 1261 690 1288 cum
718 1250 757 1289 in
773 1249 876 1290 aliis
897 1249 1037 1299 multis,
1066 1261 1165 1298 quae
1181 1249 1330 1300 priores
1350 1261 1443 1288 cura

170 1319 365 1370 superflua
393 1323 431 1358 et
457 1323 615 1370 propter
643 1319 684 1367 id
699 1318 828 1369 ipsum
845 1319 972 1367 minus
987 1318 1192 1369 perspicua
1211 1319 1443 1369 tractabant,

171 1389 221 1428 ad
249 1388 473 1439 simplicem
490 1388 945 1438 quandamelegantiam
973 1393 1108 1427 nostra
1134 1392 1242 1428 aetas
1278 1387 1445 1438 redierit,

170 1457 434 1507 distinguendi
458 1461 632 1496 notarum
658 1461 762 1506 reete
783 1457 1048 1508 ponendarum
1072 1457 1240 1497 editores
1262 1456 1444 1497 librorum

168 1531 340 1566 veterum
367 1526 554 1566 rationem
582 1526 727 1571 habent
752 1525 834 1579 fere
863 1526 1019 1577 nullam,
1054 1526 1199 1567 ,nedum
1227 1515 1443 1577 per'totam

170 1609 279 1635 suam
316 1609 446 1635 curam
485 1601 588 1636 certo
617 1596 785 1646 quodam
813 1596 974 1640 consilio
1003 1600 1168 1642 utantur.
1225 1597 1286 1641 Et
1302 1608 1444 1645 magno

171 1677 265 1705 sane
294 1677 388 1716 casu
417 1665 544 1716 (salva
571 1677 670 1716 quae
698 1669 855 1709 nostrae
884 1665 992 1716 genti
1017 1665 1251 1706 redundavit
1278 1665 1372 1709 inde.
1390 1677 1444 1705 re-

171 1735 436 1786 <laudabitque
465 1736 605 1786 gloria)
634 1734 777 1775 factum
806 1740 878 1787 est,
904 1740 948 1776 -ut
973 1736 1047 1775 viri
1075 1736 1193 1786 docti,
1221 1736 1287 1785 qui
1314 1740 1446 1776 nostra

171 1809 298 1844 aetate
311 1849 312 1852 Ἴ
326 1809 497 1844 veterum
524 1806 645 1844 libros
674 1805 846 1845 edendos
874 1805 954 1844 fere
990 1810 1142 1855 curant,
1177 1805 1333 1844 natione
1370 1805 1447 1844 sint

173 1874 367 1924 Germani,
397 1874 538 1925 quippe
567 1887 666 1923 quae
691 1866 792 1924 fgens
820 1887 869 1914 ne
896 1874 1021 1925 ipsius
1049 1887 1122 1914 sua
1140 1875 1295 1924 quidem
1313 1875 1446 1923 lingua

172 1943 212 1981 in
240 1942 524 1993 distinguendis
552 1942 662 1982 libris
689 1943 845 1994 scriptis
874 1942 1009 1984 norma
1035 1947 1140 1984 certa
1175 1947 1321 1995 utatur,
1360 1956 1446 1985 oum

172 2012 272 2051 aliae
286 2012 465 2051 notiones
479 2036 530 2040 —
545 2013 1084 2063 FrancogaIIiQoS‚,Anglicos,
1100 2014 1232 2063 Italos,
1249 2014 1446 2064 Hispanos

173 2081 354 2131 intellego
376 2104 431 2129 —v
448 2085 539 2121 tunc
564 2081 716 2131 quidem
745 2081 822 2122 sibi
850 2081 1020 2130 habeant
1048 2082 1206 2133 regulas
1232 2086 1311 2124 tam
1340 2082 1446 2122 firme

174 2151 416 2201 constitutas,
454 2140 503 2191 utv
527 2151 567 2190 in
597 2152 860 2200 grammaticis
889 2152 1025 2192 eadem
1054 2165 1141 2201 qua.
1168 2153 1446 2197 declinationes

173 2220 233 2259 vel
264 2220 568 2269 coniugationesv
584 2224 824 2271 exponantur
852 2221 1074 2262 subtilitate.
1118 2222 1297 2263 Attamen
1326 2221 1446 2260 multa

173 2289 251 2328 iam
275 2293 427 2328 constat
451 2289 502 2328 ad
526 2301 658 2333 veram
679 2290 1078 2335 multorum1,locorum
1102 2290 1331 2333 sententiam
1359 2303 1445 2341 pro-

173 2358 372 2405 ferendam
398 2358 454 2399 ita
481 2358 579 2405 effici
606 2369 734 2408 posse.
768 2358 880 2405 ¹Quae
899 2368 984 2398 cum
1002 2359 1050 2398 de
1078 2359 1165 2398 aliis
1193 2359 1447 2410 scriptoribus

174 2432 253 2467 tum
285 2428 333 2467 de
362 2428 499 2468 Tacito
527 2440 616 2467 vere
655 2428 837 2467 contendi
867 2428 929 2469 his
966 2429 1170 2478 exemplis,
1206 2440 1306 2478 quae
1341 2430 1446 2468 nullo

175 2497 332 2546 negotio
361 2510 501 2547 magno
530 2509 688 2559 numero
716 2497 802 2548 ipse
831 2509 973 2547 augere
990 2498 1131 2559 possis,
1161 2499 1447 2549 probarinobis

177 2566 366 2605 videmur:
396 2567 493 2604 Ann.
525 2566 548 2604 1.
579 2568 607 2604 Ι.
638 2579 669 2604 c.
700 2567 735 2616 7,
765 2579 796 2604 c.
827 2567 862 2614 8,
891 2566 1010 2615 LIV,
1040 2579 1072 2605 c.
1105 2568 1164 2605 15.
