1693 2981
772 321 986 359 „14-

643 436 771 477 Εἰσί.
798 436 829 477 l.
857 436 920 477 11.
950 447 992 479 0.
1021 438 1098 479 14.

362 505 406 542 In
436 504 535 543 Hist.
565 505 588 543 l.
617 506 668 544 ΙΙ.
699 517 731 543 c.
763 506 829 555 14,
865 505 932 543 ubi
970 505 1019 544 dc
1052 507 1295 546 contentione
1333 507 1518 548 Othonia·

231 585 367 611 norum
411 577 449 612 et
490 573 786 613 Vitellianorum
837 579 1039 624 narratur,
1091 576 1189 615 haec
1236 577 1355 616 habet
1396 577 1518 616 codex

232 642 454 681 Mediceus:

426 713 633 750 duodecim
668 715 838 764 equitum
872 720 1020 751 turmae
1058 720 1092 751 et
1129 714 1217 751 lecti
1250 728 1268 751 e
1298 715 1518 754 cohortibus

424 782 631 818 adversum
659 782 801 819 hostem
820 783 916 831 iere,
946 782 1086 833 quibus
1115 783 1306 820 adiuncta
1326 783 1519 834 Ligurum

425 850 578 898 cohors,
618 856 723 889 vetus
759 850 835 888 loci
863 851 1092 900 auxilium„
1121 857 1155 889 et
1183 853 1386 903 quingenti
1414 853 1515 890 Pan-

427 920 555 967 nonii,
585 920 759 956 nondum
786 920 857 957 sub
885 921 1033 970 siquis,
1070 934 1147 957 nec
1176 934 1302 958 mora
1325 921 1518 971 proelio

424 988 506 1026 sed
534 988 638 1025 acie
668 983 736 1025 it'a
765 989 1041 1038 instructa,
1072 995 1115 1027 ut
1135 1003 1238 1040 pars
1268 989 1517 1028 classicorum

426 1058 562 1095 mioetis
585 1058 763 1107 paqanis
792 1058 835 1094 in
863 1058 978 1095 colles
998 1060 1103 1095 mari
1117 1060 1365 1110 propinquos
1385 1072 1516 1098 eoesur-

425 1132 548 1177 9eret,
589 1132 774 1177 quantum
811 1128 913 1164 inter
947 1127 1059 1165 colles
1094 1141 1141 1165 ac
1176 1128 1269 1166 litus
1298 1130 1414 1179 aequi
1441 1129 1518 1167 loci

418 1197 702 1246 praetorianus
744 1196 854 1235 miles
895 1196 1083 1247 ewpleret,
1128 1198 1169 1234 iu
1211 1198 1298 1248 ipso
1336 1199 1440 1235 mari
1476 1204 1518 1235 ut

425 1266 584 1303 adnexa
628 1265 767 1304 classis
808 1272 843 1303 et
877 1279 1039 1317 pugnae
1071 1272 1224 1316 parata
1267 1280 1447 1306 conversa
1484 1273 1518 1305 et

427 1336 576 1373 minaci
596 1335 734 1386 fronte
755 1336 1098 1386 praetenderetur:
1134 1335 1348 1385 Vitelliani,
1378 1336 1517 1387 quibus

429 1406 558 1443 minor
588 1405 773 1455 peditum
807 1406 885 1453 vis,
929 1406 973 1442 in
1010 1406 1133 1455 equite
1170 1404 1307 1453 robur,
1350 1404 1518 1456 Alpinos

423 1475 623 1525 prooeimis
659 1474 786 1525 iuqis,
827 1474 996 1512 cohortes
1036 1474 1166 1512 densis
1195 1474 1404 1513 ordinibus
1427 1480 1519 1525 post

426 1545 589 1595 equitem
617 1543 756 1582 locant.

360 1612 544 1651 Mendum
577 1612 708 1650 inesse
744 1611 784 1649 in
820 1611 950 1650 verbis
988 1611 1065 1649 illis
1103 1613 1184 1650 sed
1218 1613 1319 1651 acie
1353 1614 1425 1650 ita
1453 1614 1518 1669 in-

232 1688 420 1721 structa
466 1681 644 1720 Halmius
687 1682 862 1719 Heraeus
898 1680 1069 1719 Ritterus
1108 1681 1372 1730 consentiunt,
1412 1685 1452 1719 at
1479 1681 1518 1718 in

235 1750 480 1790 emendando
517 1762 562 1788 eo
601 1750 758 1788 diversa
792 1749 940 1788 ratione
978 1749 1054 1788 usi:
1090 1753 1206 1799 atque
1235 1750 1411 1788 Halmius
1440 1749 1518 1799 qui-

236 1820 324 1859 dem
352 1820 392 1859 in
421 1820 508 1871 ipso
537 1824 720 1859 contextu
756 1821 825 1859 sed
857 1820 1047 1858 vocabulo
1076 1820 1185 1858 uncis
1213 1820 1361 1858 incluso
1390 1820 1518 1868 legen-

236 1889 328 1928 dum
351 1889 486 1942 statuit
510 1904 576 1928 nec
599 1904 710 1929 mora
732 1890 961 1941 proelio,
991 1891 1103 1928 acie
1130 1891 1207 1928 ita
1237 1891 1520 1938 instructa;

233 1959 295 1998 cui
324 1959 479 1998 lectioni
507 1959 547 1997 in
577 1959 853 1997 commentario
892 1958 1022 1996 critico
1057 1958 1159 1996 hanc
1194 1958 1312 1996 aliam
1348 1970 1396 1996 ex
1431 1970 1518 1996 con-

233 2028 380 2067 iectura
414 2028 559 2067 adiecit
593 2042 661 2067 nec
699 2041 809 2067 mora
847 2027 1131 2079 proelio-st,
1174 2028 1287 2066 acie
1332 2028 1406 2066 ita
1449 2028 1518 2065 in-

232 2105 459 2148 ctructa;
501 2098 660 2137 liberius
696 2098 870 2136 Heraeus
907 2097 1071 2135 coniecit
1105 2111 1173 2135 nec
1210 2111 1320 2135 mora
1354 2098 1518 2147 proelio,

233 2183 258 2206 a
287 2168 482 2207 Suedio
517 2169 603 2206 acie
632 2169 690 2205 ita
719 2169 932 2216 instructa,
970 2165 1072 2216 vell)
1108 2180 1176 2204 nec
1213 2179 1322 2204 mora
1354 2165 1518 2217 proelio,

232 2238 394 2277 Suedi
431 2240 516 2276 acie
549 2239 608 2275 ita
639 2239 851 2284 instructa;
888 2235 1057 2273 Ritterus
1095 2235 1261 2283 denique
1295 2234 1519 2284 Rupertium

232 2310 388 2345 secutus
417 2306 574 2356 scripsit
601 2320 669 2344 nec
697 2319 808 2344 mora
839 2304 1012 2356 proelio,
1055 2305 1142 2343 sed
1185 2305 1326 2343 acies
1370 2305 1426 2342 ita
1461 2305 1518 2341 in-

232 2383 398 2424 structa,
429 2388 545 2424 quam
574 2374 739 2413 eandem
767 2373 970 2412 lectionem
1000 2373 1213 2412 Guilelmus
1240 2373 1432 2421 Wagner,
1462 2372 1520 2409 vir

233 2444 501 2493 doctissimus,
544 2442 757 2481 novissime
791 2442 994 2492 proposuit
1008 2441 1051 2494 ²).
1108 2440 1234 2480 Aliam
1273 2452 1388 2490 quam
1415 2439 1519 2479 idem

304 2518 342 2521 W
366 2517 604 2583 4)71{*ritischer
626 2539 761 2580 anhang
782 2538 825 2571 ad
848 2538 880 2571 h.
903 2539 922 2571 l.

362 2594 390 2637 ²³)
413 2594 532 2627 Rhein.
555 2603 640 2626 mus.
664 2593 747 2625 XIX
770 2591 883 2636 (1864)
905 2602 938 2634 p.
962 2592 1026 2625 478
1051 2601 1102 2634 sq.
